2842 4912
584 348 847 395 reuulsosocis.
1233 333 1272 390 5*

111 485 152 536 66.
188 485 331 548 Juqulum,
359 484 466 550 reliqua
494 499 559 550 pars
585 485 714 549 gutturis,
742 485 924 552 impressione
947 482 990 536 vel
1008 485 1207 539 constrictione
1225 486 1279 538 leri
1296 500 1315 537 a

215 568 282 635 gula
300 568 462 636 plerumque
480 567 622 620 distincta.

111 655 152 706 67.
190 656 272 718 Repio
290 658 498 720 antepecmratm,
527 654 584 705 sive
612 656 811 721 Propeclm*),
839 670 904 722 pars
925 656 1017 708 munci
1035 656 1139 719 antica,
1156 664 1315 733 alstemum¹

215 753 304 801 versa,
318 738 419 806 jugulo
437 738 524 790 multo
542 739 632 800 latior,
650 746 718 792 ante
736 747 861 792 steruum
879 747 908 792 et
926 739 1074 803 surculam,
1096 741 1153 795 ubi.
1171 740 1224 794 sub
1241 748 1315 803 cute,

215 825 386 890 ingluvies
404 826 439 889 (s
458 839 557 876 secem
576 823 740 892 oesophagi)
758 825 788 876 in
806 825 900 878 multis
918 825 1017 879 avibus
1034 825 1089 879 sita
1107 834 1156 880 est

109 1015 151 1067 68.
191 1016 314 1074 Dorsum,
333 1018 392 1063 tota
411 1027 476 1078 pars
494 1012 621 1078 superior
639 1013 740 1064 trunci.
1377 1063 1383 1073 ,

110 1100 151 1152 69.
242 1120 253 1142 ι·
324 1097 1047 1165 anticumiuterseapulss:tuersmpsmmntiq.
1057 1104 1141 1154 (teste
1151 1097 1316 1163 Lexicogrl.

215 1183 360 1234 vertebras
378 1180 504 1233 dorsales
523 1183 678 1234 continens.

115 1269 156 1320 70.
188 1271 272 1333 Reqe'o
290 1271 450 1333 scapularis.
469 1266 559 1319 latera
578 1267 653 1319 dorsi
671 1268 828 1330 anterioris,
846 1266 894 1320 ubi
907 1268 1009 1336 plnmae
1021 1268 1065 1320 vel
1078 1284 1179 1336 penum
1197 1281 1316 1333 scapu-

214 1355 318 1415 lares,
346 1353 374 1404 in
395 1352 470 1404 lines
488 1351 692 1418 longitudinali,
711 1360 797 1416 recte,
821 1353 935 1421 duplici,
949 1346 989 1407 'os
1008 1355 1116 1408 humeri
1134 1352 1316 1406 transversim

214 1446 374 1506 superante.
394 1438 529 1505 pterylsm
550 1436 719 1490 humeralem
739 1439 808 1490 Nzln
822 1438 952 1494 formant.
970 1439 1017 1498 (de
1034 1439 1135 1508 quibus
1151 1437 1224 1491 coni.
1237 1436 1314 1489 Fam.

215 1523 453 1586 Alcedininarum,
472 1523 526 1575 dis.
546 1525 589 1575 l:o
607 1531 635 1574 et
653 1524 704 1577 '2:0.
723 1539 808 1592 supra
821 1525 946 1592 pambo).
961 1553 991 1564 —
1006 1525 1114 1585 Nomen
1127 1527 1315 1590 Peruplerum.

216 1609 269 1662 lll.'
284 1609 381 1661 Prodr.
409 1609 501 1661 Term.
529 1608 637 1661 Ornitb.
665 1624 710 1661 uzo
729 1610 787 1673 170,
815 1609 865 1662 lias
890 1609 999 1677 plumas
1022 1610 1170 1678 designare
1191 1608 1316 1660 ridetur:

218 1694 266 1748 sed
282 1695 346 1748 aliis
365 1695 442 1757 locis,
461 1709 485 1746 e.
501 1711 540 1761 gr.
560 1694 589 1746 in
608 1694 696 1746 deser.
718 1695 830 1762 Speculi
848 1696 910 1756 alte,
930 1694 996 1748 ibid.
1015 1711 1060 1749 uzo
1079 1696 1137 1748 174.
1155 1707 1255 1762 pennu>
1268 1707 1317 1743 cu-

219 1779 316 1832 bitales
335 1781 510 1848 posteriores,
530 1779 623 1831 colore
644 1778 793 1832 dissimiles
811 1781 842 1846 (i.
855 1795 878 1832 e.
893 1781 932 1832 sic
946 1780 1030 1833 dietae
1040 1781 1188 1844 uniaris)
1205 1777 1317 1830 nomine

216 1867 392 1934 parapteri
420 1864 607 1932 appellantur.
642 1866 725 1932 Apud
753 1865 824 1918 alios
855 1874 986 1918 suctores
1012 1867 1143 1920 tectrices
1171 1863 1317 1932 primarias

214 1951 310 2004 eodem
331 1951 441 2002 nomine
460 1950 621 2016 designatas
640 1949 767 2003 vidimus.
787 1981 817 1989 -
838 1951 986 2003 Terminus
1004 1951 1184 2004 omittendus.

213 2035 293 2102 (Obs.
329 2034 524 2102 stragulum
543 2036 584 2087 Ill.
603 2037 646 2087 rel
665 2034 824 2099 Pallium,
843 2042 886 2088 est
899 2036 1012 2089 dorsum
1024 2038 1149 2090 anticum
1161 2051 1223 2088 cum
1235 2042 1316 2102 parte

188 2123 296 2174 alarum
319 2122 423 2189 majore
447 2121 489 2172 vel
509 2120 622 2181 minore,
648 2122 672 2173 si
690 2121 733 2173 bae
753 2129 847 2188 partes
865 2120 958 2173 colore
977 2122 1081 2175 similes
1105 2129 1178 2174 sunt.
1218 2120 1317 2172 Partes

190 2222 255 2258 vero
274 2207 374 2260 allatas
393 2207 545 2269 nominare,
564 2222 598 2258 ex
617 2215 713 2259 nostra
731 2206 872 2258 sententia
889 2214 1024 2274 praestat.)

108 2293 151 2346 71.
192 2294 304 2358 Torqua
321 2307 343 2344 s.
362 2291 475 2343 dorsum
493 2293 641 2359 posterius,
659 2291 802 2344 substrata
821 2290 906 2358 pelvi3
925 2306 1000 2359 saepe
1019 2293 1112 2345 colore
1131 2292 1304 2345 distinctum.

107 2379 152 2431 72.
194 2379 354 2444 t'roppqmm
364 2380 414 2441 ⁸⁸).
433 2377 534 2445 plumae
553 2386 582 2430 et
600 2379 680 2431 cutis
700 2377 843 2430 vertebras
862 2376 996 2430 candales
1014 2385 1151 2445 tegentes.

108 2549 153 2602 73.
191 2549 293 2608 Gauda,
311 2548 413 2615 plumae
432 2548 491 2600 auis
510 2556 666 2615 postremae,
686 2547 815 2614 majores,
834 2547 917 2599 simul
934 2555 1048 2602 sumtae:

122 2663 134 2672 -
148 2635 170 2686 b.
189 2636 330 2693 Rectriees,
349 2648 449 2701 pennae
469 2634 603 2693 maximae,
623 2633 742 2700 simplici
755 2634 827 2686 serie
842 2633 994 2686 ordinstae:
1014 2634 1152 2687 maribus
1165 2633 1316 2692 hodiernis,

214 2733 311 2771 omnes
329 2718 465 2771 uertebrae
484 2718 598 2783 ultimae‚
616 2717 804 2778 laminiiormi,
823 2717 916 2770 affixae
935 2719 988 2785 (ct
1009 2718 1073 2772 Ord.
1094 2720 1196 2785 Suum).

121 2834 133 2843 -
147 2823 166 2857 c.
187 2806 315 2856 rectrices
328 2809 462 2864 candales,
477 2804 681 2872 superiores
699 2811 728 2856 et
746 2803 930 2856 inferiores
946 2803 1206 2871 (Calypteria?lll),
1216 2804 1317 2871 plumae

216 2889 320 2942 ultimae
331 2889 456 2957 uropygii
467 2899 495 2940 et
508 2888 596 2951 crissi,
609 2888 723 2955 reliquis
736 2888 865 2955 maj0res‚
880 2888 968 2941 basim
981 2889 1130 2941 rectricum
1144 2888 1318 2956 obtegentes.

180 3082 205 3140 *)
224 3083 288 3128 Haec
305 3095 364 3141 pars
377 3081 498 3139 corporis,
517 3082 611 3137 colore,
629 3082 656 3125 in
668 3080 759 3127 avibus
772 3082 908 3141 plerisque,
926 3097 943 3128 a
954 3083 1053 3141 reliquo
1065 3088 1175 3140 gastraeo
1187 3083 1318 3138 distincta,
1415 3117 1417 3120 .

111 3152 213 3198 nomine
231 3151 334 3210 proprio
352 3163 454 3195 necesse
473 3156 538 3207 eget,
556 3164 655 3208 semper
673 3163 732 3195 vero
752 3166 767 3196 a
785 3151 970 3210 Terminologis
989 3151 1083 3197 omissa
1100 3152 1208 3198 ridetur.
1240 3152 1263 3195 A
1274 3150 1316 3195 de·

113 3220 288 3280 scriptoribus,
308 3225 337 3264 ut
354 3233 412 3277 pars
431 3219 524 3274 antica,
543 3220 596 3264 iere
609 3232 708 3276 semper
726 3225 839 3278 pectus
852 3219 959 3275 dieitur3
977 3219 1023 3265 sed
1035 3220 1133 3278 pectori
1145 3219 1255 3265 hominis
1267 3232 1317 3263 non

115 3287 252 3346 respoudit,
269 3294 296 3335 et
308 3292 405 3347 peetus,
424 3287 449 3332 in
463 3287 656 3344 terminologiis,
671 3286 816 3346 ”regionem
831 3288 945 3347 corporis
963 3292 1105 3334 sternnm
1123 3287 1318 3333 coutinentem”.

117 3355 262 3414 plerumque
288 3357 387 3415 riteque
415 3356 546 3402 definitum
574 3356 695 3400 ridemus.
732 3356 799 3411 Quid
818 3361 903 3402 autem
922 3357 948 3401 in
967 3357 1107 3401 Prodromo
1125 3355 1225 3413 Illigeri
1242 3355 1318 3413 signi·

79 3469 86 3478 ,
116 3423 315 3471 ficenttmmini:
336 3428 461 3483 pectus,
481 3425 631 3470 abdomen
650 3430 675 3469 et
693 3424 908 3482 epigastrium
926 3425 961 3484 (p.
974 3422 1040 3480 166),
1053 3423 1320 3489 neminiperspicuum

113 3497 164 3544 est.
200 3490 356 3539 Vocabulum
382 3507 475 3538 novum
498 3492 666 3550 ‘'Prospectat’'
685 3491 732 3550 (qs.
752 3494 929 3551 praecordium,
948 3506 1089 3552 praecursor
1107 3493 1167 3548 etc.)
1194 3493 1257 3537 bene
1276 3492 1319 3535 ad·

112 3559 198 3606 hiberi
221 3574 293 3620 posse
311 3561 385 3607 nobis
405 3561 512 3606 videtur.
549 3561 633 3606 Etiam
652 3561 777 3606 vocabulo
796 3561 947 3619 Inglurie
969 3575 1020 3606 nou
1039 3561 1104 3605 male
1123 3560 1160 3605 uti
1179 3573 1318 3619 possemus,

110 3629 163 3675 nisi
182 3629 214 3674 ab
231 3629 336 3688 Illigero
355 3630 438 3674 minus
456 3631 519 3675 bene
538 3644 584 3688 pro
602 3629 739 3674 ”uento’'
760 3629 904 3675 adhibitum
923 3636 988 3674 esset
1008 3628 1106 3684 (Prodr.
1126 3643 1150 3686 p.
1171 3630 1232 3684 1643
1259 3628 1319 3673 Ter·

111 3698 200 3744 minol.
220 3700 286 3744 1203
304 3699 343 3754 r.).
380 3699 433 3757 Ipsi
452 3698 577 3742 interdum
595 3698 861 3755 nomine'gntturis
885 3697 995 3742 infimi
1015 3697 1162 3753 usisumus,
1180 3697 1319 3754 quodrero

110 3767 196 3812 minus
213 3766 329 3813 indicans
347 3782 470 3826 apparere
488 3771 580 3825 potest.

180 3867 219 3925 “)
238 3869 399 3914 Vocabulum
428 3868 637 3927 Uropygium,
663 3881 738 3913 sensu
765 3872 872 3923 mutato,
899 3868 1131 3925 male¹usurpatum
1149 3870 1195 3911 est.
1232 3866 1320 3912 Oritur

109 3951 143 3982 ex
171 3937 293 3996 Zoologia
320 3940 513 3993 Anisrounsts,
534 3938 578 3982 ubi
596 3936 757 3982 rectrices
776 3936 861 3981 avium
879 3936 1014 3994 significat,
1032 3935 1178 3993 etquidem
1198 3935 1319 3993 primum:

110 4006 169 4051 Lib.
189 4006 224 4062 H,
244 4005 306 4065 Cap.
325 4008 349 4062 8,
368 4006 382 4063 ξ
401 4009 415 4050 4
436 4006 490 4053 (seu
511 4007 550 4062 12,
570 4005 620 4059 49).
657 4005 689 4049 Η.
709 4004 726 4049 l.
755 4005 963 4064 orropygium
991 4004 1114 4062 scriptum
1131 4003 1233 4060 legitur.
1252 4005 1320 4061 quod

112 4074 276 4120 restitutione
295 4074 422 4120 vocabuli.
442 4080 499 4133 post
517 4073 647 4119 laesionem
666 4073 832 4131 manuscripti
848 4073 987 4130 originarii,
1000 4077 1084 4116 ortum
1097 4072 1204 4117 ridetur.
1223 4072 1320 4117 Deinde

110 4143 188 4199 enim,
216 4143 332 4202 pluribus
358 4143 430 4188 locis.
459 4143 648 4200 uroppgium
675 4141 797 4200 scriptum
826 4146 871 4196 est,
899 4156 920 4185 e.
940 4156 976 4199 gr.
1000 4140 1055 4185 Lib.
1075 4140 1122 4196 IX,
1142 4141 1173 4184 22
1193 4137 1207 4196 ξ
1226 4141 1240 4184 2
1260 4143 1319 4185 et3

111 4209 157 4267 (=
176 4211 224 4269 IX,
244 4213 289 4256 3⁴2:
312 4214 359 4256 113
378 4217 403 4256 et
426 4211 492 4267 115).
529 4210 688 4254 Vocabulum
717 4214 810 4264 autem,
837 4223 912 4254 sensu
935 4209 1067 4265 hodierno,
1095 4222 1174 4266 usque
1193 4209 1225 4252 ab
1244 4215 1321 4254 aetate

112 4279 227 4335 Petrum,
245 4279 292 4324 snb
311 4295 359 4325 usu
377 4279 583 4339 frequentissimo
601 4279 745 4337 probatum,
764 4278 840 4323 hodie
859 4292 933 4323 sensu
951 4277 1045 4335 corrigi
1061 4277 1157 4335 nequit.
1178 4276 1251 4332 (Loci
1263 4278 1319 4323 citt.

112 4348 146 4394 cf.
165 4347 275 4397 Snndev,
300 4350 379 4394 Arist.
399 4349 550 4394 Thierarten
571 4361 628 4406 pag.
648 4349 680 4392 93
699 4347 743 4392 lin.
766 4347 795 4391 18
814 4347 888 4402 inira,
906 4351 932 4391 et
953 4348 1008 4402 105,
1027 4351 1074 4390 art.
1094 4347 1125 4390 29
1145 4348 1170 4390 et
1190 4346 1240 4397 30).
