2842 4912
559 292 854 337 rnnmlrnsnrsans

486 530 616 586 Oscinum
639 533 925 604 Laminiplantarium.

359 674 535 739 COHORS
556 677 586 739 4.
631 674 1058 741 CERTHIOMORPHAE

518 801 520 805 ’
604 817 626 856 s.
652 792 813 857 Scansores

107 917 247 990 ballare
286 909 449 984 maximo
457 938 465 1004 ;
499 903 621 1012 digitis
651 911 805 1011 reliquis
836 911 1023 1007 tenuibus,
1055 910 1190 1010 longis,
1217 907 1268 984 basi

108 1027 217 1102 valde
244 1027 469 1127 compressis
496 1038 534 1101 et
559 1028 714 1103 articulo
740 1028 860 1128 primo
885 1038 962 1103 toto
989 1027 1211 1128 conjunctis;
1230 1059 1268 1106 ur·

104 1152 236 1248 paribus
253 1144 489 1242 acutissimis,
509 1145 639 1221 fortius
658 1145 893 1245 compressis,
912 1145 1037 1220 medio
1054 1172 1132 1219 non
1145 1143 1267 1241 obliquo.

193 1262 279 1324 Aves
305 1285 415 1346 parvae,
443 1262 610 1340 scansoriae,
633 1262 748 1347 plumis
769 1261 882 1346 longis,
906 1261 1061 1338 mollibus,
1084 1261 1191 1324 laceris
1210 1259 1269 1323 ders

109 1376 208 1440 tectae3
236 1363 335 1426 forma
361 1361 529 1446 digitorum
553 1374 584 1424 ct
606 1361 822 1446 magnitudine
850 1360 981 1424 hallucis
1002 1361 1151 1446 insignes.
1193 1360 1269 1423 Tarsus

109 1463 264 1549 plerisque
289 1463 421 1540 brevior,
445 1463 498 1526 sed
520 1463 553 1525 in
576 1485 689 1548 genere
710 1462 822 1525 ultimo
843 1461 964 1546 longus.
1008 1461 1143 1526 Lamina
1163 1458 1269 1546 plantatis

108 1564 203 1627 altera
235 1564 344 1648 saepius
376 1562 561 1647 irregularis.
606 1561 732 1646 Digitus
760 1561 901 1625 internus
922 1562 998 1639 basi,
1021 1584 1093 1625 cum
1116 1561 1225 1638 medio,
1238 1559 1269 1620 vix

109 1664 233 1727 brevius
260 1686 351 1747 quam
379 1681 535 1740 externus,
558 1676 729 1740 concretus,
753 1677 784 1726 et
805 1685 913 1726 omnes
939 1662 1107 1726 anteriores
1128 1662 1202 1739 basi,
1222 1681 1280 1745 cong

111 1764 265 1848 pressione
286 1763 369 1840 forti,
387 1763 480 1826 simul
494 1762 660 1848 angustati,
677 1761 760 1847 quod
774 1761 823 1824 his
838 1762 947 1826 avibus
961 1762 1131 1848 praesertim
1147 1761 1271 1848 peculiare

110 1864 183 1948 Dig.
206 1863 327 1926 medius
348 1863 460 1948 longus
482 1864 569 1946 (cum
585 1886 692 1947 ungue
708 1875 789 1926 tarso
804 1863 937 1947 longior,
953 1877 1062 1949 praeter
1076 1885 1121 1948 sp.
1137 1858 1273 1942 1111111111

111 1980 256 2027 externus
278 1964 400 2028 interno
421 1965 558 2049 longior:
581 1977 689 2048 praeter
704 1986 844 2048 unguem
859 1961 1041 2047 subaequalis
1056 1975 1112 2026 art.
1128 1958 1273 2047 21J2mel'i

112 2063 229 2127 Hallux
251 2078 380 2127 externo
402 2065 501 2127 multo
521 2062 654 2148 longior,
677 2063 781 2126 medio
796 2062 987 2147 subaequalis,
1004 2063 1058 2126 sed
1072 2065 1208 2127 crassior.
1236 2060 1275 2124 Ur·

110 2188 186 2249 gues
213 2165 392 2240 acutissimi,
422 2162 538 2247 magni,
567 2163 733 2248 praesertim
756 2162 900 2240 hallucis;
923 2162 1044 2228 medius
1065 2185 1131 2226 non
1153 2162 1276 2248 obliquus:

112 2266 215 2329 tomiis
241 2264 417 2350 aequalibus‚
445 2263 585 2349 planatis.
630 2263 777 2327 Rostrum
804 2263 929 2347 gracile,
951 2263 1127 2347 longulum‚
1151 2259 1278 2348 integerri·

111 2389 212 2444 mum3
245 2364 373 2429 maxilla
404 2363 549 2427 inferiore
579 2364 723 2450 simplici,
751 2364 856 2427 debili.
900 2364 998 2428 Nares
1024 2364 1176 2427 humilius
1197 2362 1279 2449 posite

112 2465 238 2550 Lingua
270 2488 333 2528 non
366 2463 533 2527 extensilis.
577 2463 640 2526 Ala
672 2465 770 2528 varia:
804 2488 906 2550 penna
932 2465 1033 2550 prima
1057 2464 1236 2528 brevissima
1250 2457 1280 2523 rel

112 2565 205 2628 nulla.
250 2564 356 2628 Cauda
382 2549 466 2627 varia
492 2564 545 2628 sed
571 2589 634 2628 non
656 2564 759 2649 longa.
804 2564 890 2628 Inter
911 2564 1052 2628 cohortes
1076 2564 1225 2628 Oscinum
1241 2561 1280 2624 he

113 2665 242 2728 minima
270 2667 425 2729 omnium:
453 2665 509 2726 vix
536 2666 577 2728 50
599 2666 714 2750 species
736 2665 869 2751 cognitae
890 2679 970 2728 sunt.
1015 2665 1136 2728 Tamen
1158 2678 1193 2728 ut
1214 2664 1280 2726 som

113 2767 236 2852 propria
269 2781 299 2829 et
331 2764 510 2850 principalis
537 2765 746 2829 enumeranda
771 2766 861 2829 nobis
883 2765 1015 2829 videtur.
1059 2765 1203 2829 Aviculae
1227 2760 1280 2826 enin

113 2867 174 2929 huc
196 2865 305 2942 relatae,
329 2865 421 2927 simul
443 2878 559 2942 snmus,
581 2865 740 2929 cohortem
763 2890 785 2929 s.
807 2890 907 2950 genus
929 2890 1069 2952 magnun
1089 2867 1172 2930 bene
1191 2881 1281 2946 compr

114 2979 207 3043 nunt;
230 2966 283 3028 scd
305 2966 385 3028 inter
406 2964 537 3048 reliquas
560 2964 731 3028 distributae
752 2966 867 3051 ubique
889 2967 1005 3044 alienae,
1032 2967 1119 3052 quasi
1145 2963 1282 3054 peregrina

114 3067 202 3130 nobis
225 3066 298 3128 visae
319 3078 400 3128 sunt.
1178 3090 1183 3096 ·

241 3282 323 3346 Fau.
348 3284 374 3346 1.
419 3280 633 3345 Certhiinae:
661 3296 759 3345 rostro
785 3296 949 3346 curvatura
975 3283 1110 3368 simplici
1137 3284 1203 3367 (vel
1223 3276 1281 3346 levir

115 3385 205 3469 sima)
227 3383 325 3460 flexo;
347 3382 472 3446 naribus
495 3381 596 3459 nudis,
619 3382 744 3446 valvula
759 3396 898 3461 cutanea,
915 3407 1025 3469 supera
1039 3384 1207 3448 instructis.
1237 3378 1281 3442 lu·

112 3509 164 3548 sus
189 3484 316 3548 brevior.

199 3609 231 3679 a)
255 3607 405 3676 remigibus
428 3608 456 3674 9;
479 3606 566 3660 cauda
588 3609 767 3677 emarginata

115 3694 296 3749 Maiotilta
318 3691 407 3744 Vieill.
430 3691 510 3744 Anal.
534 3690 615 3759 (Mot.
637 3693 714 3744 varia
730 3692 775 3761 L.)
794 3692 965 3762 Oxyglossns
980 3691 1032 3746 Sw.
1049 3694 1077 3746 Ζ.
1088 3694 1115 3747 J.
1131 3692 1207 3746 1827
1219 3677 1281 3742 nul

159 3807 196 3815 —
213 3777 384 3829 Americana.

199 3894 229 3963 b)
253 3893 403 3962 remigibus
428 3893 476 3958 103
498 3893 585 3945 canda
606 3892 728 3961 lungula,
751 3893 875 3962 gradata,
898 3893 1005 3961 pennis,
1028 3893 1134 3962 rigidis,
1157 3889 1240 3946 acutis

116 3977 231 4034 Oertln'a
244 3977 274 4029 L.
287 3976 471 4045 (familiaris),
483 3976 625 4044 utriusque
635 3977 715 4029 orbis.

200 4094 228 4164 c)
252 4095 402 4163 remigibus
427 4095 475 4157 103
497 4093 585 4146 cauda
606 4093 691 4160 molli,
712 4093 845 4146 breviore.
889 4095 953 4146 Eur.
975 4094 1022 4146 As.
1045 4093 1165 4147 Austral.

116 4177 269 4250 Solpornis
281 4178 356 4247 Gray
367 4179 394 4231 Z.
407 4177 451 4232 Pr.
466 4178 543 4231 1847
558 4177 733 4246 (spilonota).

117 4262 320 4317 Cuulodromus
333 4262 408 4330 Gray
419 4261 486 4314 ibid.
499 4260 627 4330 (graeei).

118 4345 293 4400 Climactcrr's
304 4345 407 4398 Temm.
419 4345 493 4398 Man.
506 4344 677 4413 (scandens).

72 4466 75 4473 =
120 4428 304 4484 Tz'elocroma
316 4429 358 4481 Ill.
372 4428 465 4481 Prodr.
478 4429 611 4496 (muraria
623 4429 668 4498 L).
