2842 4912
481 367 485 377 .
574 299 770 345 annuemus.
1188 287 1226 350 sl

196 429 279 495 Farr-
304 430 335 495 5.
384 429 656 495 Philedoninae:
695 443 794 495 rostro
826 454 950 514 magno,
985 433 1110 497 naribus
1144 436 1268 520 perviis,

20 596 24 601 ,
62 531 193 617 apertis,
214 529 397 595 rotundatis.
418 567 462 577 —
485 531 537 616 Sp.
559 531 704 613 majores:
732 530 847 594 Turdis
871 532 1010 617 annales,
1034 557 1051 597 a
1072 535 1270 619 praecedenti·

63 630 123 695 bus
161 629 262 695 forma
295 631 450 718 imprimis
482 631 604 694 narium
638 630 797 694 distinctu.
843 631 939 694 Nares
971 633 1056 696 enim
1088 635 1268 715 rotundare,

68 731 215 818 operculo
240 755 264 796 s.
289 732 414 796 vulvula
440 746 569 814 cutanea
595 744 742 805 carentes,
769 756 831 795 non
854 732 986 810 clusiles,
1009 746 1129 798 tantum
1152 737 1268 821 postica

9 848 21 865 ⁵
70 844 137 897 cute
166 831 253 896 molli
274 833 392 897 cinctae.
436 830 561 917 Lingua
582 845 617 895 ut
639 833 672 894 in
694 832 766 896 fam.
789 832 980 918 praecedente
1001 835 1133 899 formata
1154 836 1204 901 vel
1226 837 1268 901 la-

9 932 18 969 ·“
65 931 155 997 oiniae
188 935 208 995 2
241 932 426 1019 principales
458 933 582 996 brevius
614 931 698 996 fissa
744 933 891 996 Rostrum
924 947 969 997 sat
996 922 1140 1014 crassum,
1168 938 1268 1024 capite

63 1032 203 1118 longius,
237 1056 317 1121 saepe
349 1033 456 1097 tubere
482 1033 627 1117 culminis
653 1033 785 1097 frontali'
804 1033 999 1098 instructum.
1021 1074 1062 1081 —
1086 1035 1197 1100 Incolae
1222 1062 1267 1103 re·

60 1133 171 1218 gionis
192 1132 342 1197 australis.
385 1133 487 1219 Caput
508 1157 587 1219 saepe
608 1133 738 1210 nudum,
762 1134 898 1218 nigrum.

9 1262 12 1267 '
60 1258 213 1317 Phaedon
224 1256 300 1324 Cau,
311 1257 455 1311 Philemon
468 1256 558 1311 Vieill.
571 1259 651 1311 ambo
662 1277 697 1312 ex
709 1257 922 1312 Commersonio.
950 1258 1067 1329 (Tppua
1079 1260 1105 1313 le
1117 1260 1266 1315 Polochion

107 1341 224 1410 comm„
241 1341 307 1395 Buff
322 1341 371 1409 Vl,
383 1360 417 1395 ex
428 1341 479 1394 ius.
491 1342 612 1407 Bourou;
624 1342 733 1411 Merops
744 1342 969 1396 moluecensis
981 1343 1042 1396 Gm.
1055 1343 1135 1410 laath,
1152 1368 1186 1391 =
1200 1345 1266 1399 Tro·

107 1425 167 1495 pid.
183 1424 364 1479 bourouensis
379 1425 461 1478 Wall.
476 1426 504 1478 Z.
521 1426 563 1478 Pr.
585 1427 672 1493 1863,
689 1444 715 1495 p.
729 1428 776 1491 31,
788 1424 863 1495 long.
879 1428 914 1479 14
928 1425 1000 1495 poll,
1013 1436 1106 1484 rostro
1119 1429 1203 1497 loevr),
1216 1447 1266 1483 nec

13 1512 27 1531 '
106 1508 225 1563 Mimeta
235 1509 415 1564 bourouensis
426 1509 507 1562 Wall.
519 1510 537 1563 l.
548 1527 570 1563 c.
582 1529 608 1580 p.
622 1511 671 1564 26:
684 1510 747 1579 poll.
761 1511 777 1564 9
791 1509 882 1579 longa

10 1614 19 1663 ·‚·-
109 1592 379 1669 Trepidorlryncltua
395 1593 458 1663 vig.
474 1600 503 1647 et
519 1594 614 1647 Horsf.
631 1595 711 1662 (Mer.
727 1593 913 1647 comiculatus
929 1593 1021 1662 Loth.)
1038 1602 1125 1649 rostro
1140 1602 1265 1661 cornuto;

10 1668 27 1691 ³'
48 1684 54 1697 '
106 1677 159 1730 vix
170 1683 263 1731 tamen
275 1694 292 1731 a
304 1677 454 1731 Philedone
465 1678 644 1747 separandum
656 1679 736 1732 tuber
747 1678 821 1731 euim
833 1678 913 1730 rostri
926 1679 1100 1732 accessorius

107 1761 267 1836 Entemyza
278 1760 331 1815 SW.
342 1760 450 1815 Classis.
462 1763 555 1829 (Grac.
566 1762 695 1832 cyanotis
706 1761 798 1830 Lath.)
811 1761 858 1814 vix
870 1761 970 1815 melius
981 1763 1119 1818 distinctu.

10 2352 20 2379 s
444 2313 575 2369 Oscinum
602 2312 887 2381 Laminiplantariurn.

10 2452 44 2671 ξ
293 2455 469 2521 COHORS
493 2456 522 2532 6,
546 2453 1041 2521 CHELIDONOMORPHAE

531 2595 554 2636 s.
577 2570 807 2659 Longipennes.

44 2682 145 2765 'Alae
183 2689 429 2790 longissimae;
471 2690 586 2790 pedes
621 2691 870 2785 brevissimae3
901 2704 1063 2768 rostrum
1095 2720 1261 2794 parvum,

60 2806 235 2883 faucibus
261 2807 513 2908 amplissimis,
542 2807 714 2884 vibrissis
740 2807 863 2882 nullis.

150 2941 275 3035 Species
301 2940 395 3026 hujus
422 2941 566 3005 Colrortis
592 2940 700 3005 habitu
723 2942 869 3027 peculiari
891 2943 929 3006 ab
954 2942 1119 3008 Oscinibus
1139 2944 1264 3029 reliquis

57 3040 106 3105 ita
125 3040 277 3105 differunt
297 3053 333 3104 ut
354 3041 393 3106 ab
414 3065 601 3127 unoquoque
623 3043 724 3127 primo
749 3043 865 3106 intuitu
891 3055 1111 3128 agnoscantur3
1131 3068 1189 3108 nec
1204 3044 1264 3108 for-

57 3141 122 3205 mis
154 3130 347 3205 intermediis
379 3165 451 3206 eum
484 3142 610 3227 reliquis
642 3144 884 3228 conjunguntur.
935 3143 1051 3207 Omnes
1077 3168 1191 3230 parvae:
1219 3168 1267 3231 sp.

57 3239 207 3305 maximae
227 3240 286 3323 (H.
308 3242 393 3306 subis
414 3255 445 3305 et
467 3242 690 3326 senogalensis)
714 3242 869 3307 Passerem
885 3244 1089 3307 domesticum
1104 3244 1263 3337 volumine

55 3342 200 3427 corporis
231 3342 287 3404 vix
318 3355 480 3427 aequantes.
525 3343 588 3406 Ala
619 3356 699 3406 tarso
725 3344 846 3408 circiter
872 3344 974 3408 decies
995 3344 1132 3430 longior;
1155 3367 1263 3429 pennae

55 3440 162 3506 cubiti
186 3441 322 3505 mediam
349 3443 428 3506 alam
455 3443 519 3506 fere
545 3443 713 3528 attingunt,
740 3444 791 3507 vel
812 3445 915 3529 paullo
937 3444 1107 3520 breviores;
1129 3445 1262 3529 remiges

55 3540 90 3607 9:
112 3541 215 3627 prima
247 3541 341 3606 deest.
389 3543 549 3620 Rostrum,
572 3567 590 3607 a
612 3542 723 3621 fronte,
745 3545 975 3630 longitudinem
1005 3545 1043 3627 ¹s3
1070 3545 1179 3630 capitis
1205 3544 1261 3607 vix

54 3654 170 3727 aequat,
199 3641 253 3706 sed
280 3642 382 3706 fauces
403 3643 538 3729 longius,
562 3644 626 3706 sere
648 3644 687 3707 ad
709 3645 812 3708 oeulos
834 3645 919 3723 fissae,
942 3646 1048 3730 ibique
1069 3645 1136 3731 ipso
1155 3644 1261 3708 cranio

45 3740 195 3809 Mores
238 3740 363 3828 Lingua
384 3744 496 3822 brevis,
524 3768 586 3808 non
609 3745 777 3808 extensilis.

146 3842 235 3906 Aves
256 3842 318 3906 huc
339 3846 537 3908 numerandae
558 3868 676 3930 pauore:
698 3845 813 3930 species
832 3858 953 3909 tantum
970 3857 1096 3908 centum
1111 3857 1142 3909 et
1156 3846 1260 3931 paullo

54 3942 165 4031 phares
186 3943 319 4029 cognita
339 3957 421 4021 sunt,
445 3945 553 4027 habitu
575 3947 735 4031 formaque
758 3947 891 4031 partium
913 3945 1085 4009 simillimae.
1128 3943 1229 4029 Ergo:

189 4127 273 4191 Fan.
305 4130 410 4192 unica:
446 4129 725 4208 Hirundininac,
753 4152 860 4192 omnes
886 4153 930 4215 sp.
957 4127 1208 4214 comprehendit;
1230 4141 1262 4191 et

55 4228 294 4293 tantummodo:

58 4351 198 4409 Hirundo
220 4352 259 4420 Ia,
281 4370 371 4423 genus
392 4355 516 4409 naturale
539 4357 659 4422 unicum,
685 4354 750 4407 huie
771 4354 886 4407 familias
908 4353 1145 4407 adnumerandum
1167 4371 1260 4408 oense·

100 4453 174 4489 mus.
206 4435 378 4491 Differentiae
401 4446 494 4492 autem
514 4439 613 4492 formae
629 4446 657 4492 et
672 4438 771 4492 eoloris
786 4438 838 4492 hoo
853 4439 913 4492 fere
926 4438 1009 4492 modo
1021 4440 1121 4508 exponi
1134 4444 1259 4508 possunt:
