2842 4912
185 281 203 340 2
674 294 807 340 osomns.

243 429 486 503 Charaeteres
512 428 715 524 memorati,
744 426 855 502 simul
880 425 1029 527 sumpti,
1049 424 1118 501 has
1137 453 1232 501 aves
1250 423 1334 500 bene

143 547 330 622 denotant,
364 546 504 620 Hallux
521 545 739 646 praesertim,
759 545 981 642 essentialis,
1001 571 1209 644 numquam
1229 544 1333 639 deest,

143 691 290 764 semper
316 691 405 739 vero
431 665 539 739 adest
564 662 728 738 validus:
749 663 867 762 digito
886 663 1009 738 medio
1028 661 1237 761 angustior,
1258 661 1333 736 late-

141 781 281 857 ralibus
307 781 496 856 volumine
524 780 676 880 aequalis
703 780 763 855 vel
790 783 921 881 major;
948 790 1059 876 totus,
1084 779 1207 854 abasi
1227 806 1332 878 usque

142 900 332 996 insistens
359 899 441 974 basi
468 899 642 991 orassi0r;
670 926 736 998 per
763 926 803 974 se
828 897 985 1001 mobilis.
1025 897 1223 972 Musoulus
1246 897 1330 972 enin

103 1026 252 1123 [μείων
284 1025 437 1098 luituris
470 1025 610 1119 lonpns,
642 1016 837 1122 artieulum
869 1018 949 1116 ejus
976 1015 1150 1090 ultimum
1177 997 1351 1111 flectens,⁸

142 1162 164 1209 a
189 1135 326 1209 flexore
354 1136 558 1235 digitorum
584 1134 771 1210 communi
798 1135 961 1235 perfecte
987 1134 1141 1209 solutus.
1190 1133 1251 1233 (lu
1268 1133 1329 1208 avi-

142 1249 213 1326 bus
241 1252 405 1352 reliquis,
434 1253 618 1350 omnibus,
646 1252 760 1328 tendo
786 1252 898 1352 hujus
924 1251 1082 1327 musculi
1110 1278 1198 1326 eum
1225 1251 1328 1326 tendi·

142 1369 254 1444 nibus
293 1371 445 1446 alterius
484 1370 733 1471 conjungitur.
780 1369 919 1445 Hallux
959 1369 1075 1469 igitur
1113 1368 1228 1443 simul
1260 1395 1326 1442 eun

142 1488 294 1587 reliquis
322 1489 451 1589 digitis
479 1515 626 1588 semper
652 1487 836 1588 flectitur).
865 1531 916 1544 -
942 1488 1044 1562 Situs
1070 1497 1109 1562 et
1133 1487 1256 1562 forma
1278 1506 1326 1565 tec-

143 1613 286 1705 trinum,
312 1607 372 1681 his
398 1607 531 1681 avibus
557 1607 633 1681 fere
658 1607 866 1706 peculiaris,
890 1607 1046 1681 formam
1070 1605 1149 1702 alae,
1170 1603 1324 1680 facillime

143 1723 432 1821 agnoscendam,
460 1723 610 1824 praebet.
638 1767 689 1780 -
716 1724 899 1799 Praeterea
923 1729 1057 1829 digitus
1075 1743 1246 1803 externus
1263 1721 1324 1797 basi

143 1867 229 1914 oum
256 1840 379 1915 medio
408 1867 555 1941 semper
580 1852 679 1917 arete
707 1843 937 1942 conjunctus

244 1957 495 2058 Exceptiones
522 1959 587 2033 vix
613 1960 870 2052 inveniuntur3
899 1959 966 2035 sed
989 1957 1236 2034 observandae
1259 1965 1326 2032 sunt

57 2140 59 2150 ,
144 2075 407 2152 similitudines
433 2077 587 2153 aliarum
614 2077 755 2152 avium:
783 2078 941 2153 hallux
974 2077 1121 2152 validus
1148 2087 1189 2150 et
1218 2100 1326 2174 ungue

144 2222 281 2294 magno
314 2206 478 2270 armatus
509 2195 549 2269 in
581 2201 828 2298 Accipitritus
855 2207 892 2272 et
918 2202 1063 2293 Ardeis,
1090 2193 1231 2294 quibus
1257 2218 1327 2268 ven

142 2313 270 2388 hallux
302 2341 377 2388 non
406 2313 605 2413 separatim
631 2313 780 2388 mobilis
807 2324 845 2388 et
870 2314 1088 2414 plerumque
1115 2311 1199 2386 basi
1227 2335 1328 2409 angu-

145 2431 245 2528 stiur⁷
273 2431 518 2530 teotrioesque
546 2431 687 2506 alarum
713 2430 820 2505 aliter
846 2430 1020 2505 formatae.
1044 2475 1095 2484 —
1113 2429 1328 2504 Teutrioes

144 2546 322 2623 osoininae
348 2549 388 2622 in
414 2556 511 2629 Picis
538 2549 773 2648 quibusdam,
801 2576 876 2622 non
903 2546 1057 2623 veroin
1085 2546 1280 2640 omnibus3
1294 2545 1328 2618 iu

143 2672 352 2745 Iudicaturo
378 2665 534 2765 aliisque
559 2673 836 2770 Mequloerninia
859 2677 897 2740 et
914 2666 953 2738 in
972 2668 1246 2768 Opistlzocomo;
1264 2688 1329 2763 qur

143 2810 232 2856 vero
259 2810 348 2857 aves
376 2794 560 2859 structura
587 2784 788 2883 digitorum
816 2783 959 2858 abhoc
987 2781 1127 2856 Ordine
1156 2782 1329 2856 differunt.

418 3086 537 3137 sumus
556 3087 665 3135 PRIOR.
701 3086 1073 3137 LAMINIPLANTARES.

182 3266 185 3273 ’
245 3233 375 3309 Planta
397 3237 486 3310 tarsi
504 3237 705 3312 laminibus
723 3242 745 3310 2
765 3236 1217 3313 sonmo-membranaceis
1235 3247 1332 3312 tecta.

244 3352 457 3452 Epidermis
483 3355 630 3454 plantae,
656 3354 814 3430 laminas
832 3359 854 3427 2
874 3342 1188 3439 membranaceas
1199 3355 1334 3447 format

143 3497 165 3545 a
197 3469 271 3544 talo
304 3470 352 3545 ad
387 3471 429 3571 Ἄ
463 3473 564 3569 tarsi,
596 3472 657 3554 vel
682 3473 832 3571 longius
859 3484 1045 3568 extensas,
1075 3483 1206 3548 sutura
1232 3473 1335 3547 inter-

143 3588 277 3685 media,
311 3588 573 3687 longitudinali
605 3591 802 3690 contiguas
832 3635 883 3645 -
914 3590 1081 3664 Laminas
1112 3589 1197 3665 istae
1227 3591 1336 3666 suba·

144 3705 283 3803 quales‚
316 3705 534 3807 plerumque
568 3708 740 3808 integram
774 3708 889 3783 altera
921 3735 1021 3803 vero,
1052 3707 1263 3806 prasertim
1289 3707 1336 3779 in·

143 3833 258 3918 terna,
288 3825 425 3905 suturis
452 3825 640 3902 interdum
666 3826 891 3900 transversis
910 3825 1048 3918 divisa;
1069 3825 1169 3923 quod
1188 3851 1336 3925 praeser·

143 3939 210 4014 tim
232 3941 272 4014 in
290 3947 558 4044 Pyenonotinia
579 3947 764 4038 &istisin
784 3949 1031 4047 I'rionopinie,
1052 3947 1203 4022 Tentare
1222 3951 1335 4033 (ilecto,

144 4063 382 4160 Loplropsuro
412 4061 576 4160 (Pastore
603 4087 728 4161 upupa
754 4060 904 4160 Wagl.),
924 4061 1127 4160 paucisque
1146 4059 1231 4135 aliis
1250 4061 1335 4133 inter
1368 4050 1370 4057 ’

145 4173 415 4274 Ambulatores,
444 4178 654 4253 Paradiseis
681 4178 810 4253 affines
838 4179 1124 4252 observatur-
1142 4178 1249 4253 Aves
1266 4203 1333 4251 om·

144 4317 222 4386 nes,
250 4291 288 4364 in
315 4292 384 4367 hae
413 4295 506 4368 serie
534 4306 769 4391 enumeratur,
798 4306 976 4394 apparatu
1004 4295 1175 4394 laryngis
1194 4294 1332 4394 inferio·

143 4408 194 4482 ris
222 4409 363 4483 musioo
390 4411 579 4486 instruotae
606 4414 799 4488 habentur.
