2842 4912
154 290 194 352 48
593 306 654 350 osc.
677 306 835 350 naumnn.

110 440 212 516 vibus,
235 439 345 503 anticis
367 439 433 503 basi
453 461 516 501 non
535 437 727 522 compressis,
748 437 924 502 lateralibus
939 437 1178 523 subaeqrralibus,
1194 439 1299 501 interno

32 545 35 552 '
111 562 129 602 a
151 538 254 602 medio
276 541 412 624 perfecte
434 538 543 602 soluto.
571 537 678 602 Gauda
693 538 847 623 plerisque
862 537 1038 615 mediocris,
1056 538 1248 624 emarginata
1262 539 1299 602 vel

111 639 214 704 bifida.
236 678 278 686 —
300 638 530 703 Tantummodo
556 638 589 700 in
615 638 739 702 climate
765 638 875 715 calide,
898 639 1066 724 praesertim
1090 638 1175 702 orbis
1198 639 1300 723 antiqui
1331 642 1335 721 1

110 753 142 803 et
163 740 312 817 australis,
335 740 460 803 insectis
482 753 514 802 et
534 738 627 801 melle
648 737 760 802 florum
782 737 914 816 nutritae,
938 738 1154 803 inveniuntur.
1332 730 1335 741 ’

198 839 270 904 Obs.
295 838 504 905 Removendae
525 851 598 902 sunt
619 862 690 903 aves
712 862 783 902 cum
807 839 855 902 his
877 838 1060 932 plerumque
1081 840 1272 904 consociatae:

110 948 302 1001 Prionochilus
313 947 420 1002 Strickl.
432 965 458 999 v.
470 947 543 999 inter
555 946 770 1016 Pyononotinaa,
784 964 846 1016 pag.
860 947 909 1011 203

110 1033 250 1099 Dioaeinae‚
262 1051 288 1084 v.
301 1031 507 1085 Dendroecinas
519 1030 593 1082 orbis
604 1030 719 1098 antiqui,
732 1049 758 1100 p.
771 1031 820 1094 ab

111 1116 249 1169 Daenides
260 1134 323 1169 cum
334 1115 480 1182 Certhiola,
493 1114 654 1183 Glossiptila
665 1122 693 1167 et

111 1199 247 1270 Diglossa,
260 1218 286 1253 v,
298 1199 505 1253 Dendroeeinas
516 1198 693 1265 americanas,
705 1216 730 1267 p.
744 1199 791 1251 27.

288 1394 380 1467 lzmo,
404 1392 572 1475 ecmipibua
594 1393 624 1454 9.

195 1493 292 1556 Nares
315 1493 437 1570 breves;
460 1492 557 1556 cauda
579 1492 810 1567 submediocris,
833 1491 1024 1577 subaequalis.

236 1644 319 1707 Fau.
342 1644 370 1706 1.
415 1640 732 1706 Arbelorhininae:
767 1658 863 1707 rostro
899 1657 1032 1721 arcuato,
1068 1643 1298 1728 subcompresso,

108 1746 228 1831 apicem
262 1767 367 1808 versus
401 1743 504 1806 minus
536 1757 715 1828 angustato;
748 1743 853 1807 tomiis
879 1744 1089 1830 superioribus
1116 1741 1299 1819 inflexisad

109 1845 229 1929 apicem
251 1844 361 1907 leviter
383 1843 497 1907 incisis
543 1842 594 1929 Sp.
618 1843 772 1907 Amerieae
793 1845 925 1929 tropicae.

111 1968 322 2043 Obloropbanea
335 1967 421 2021 szch
434 1967 545 2021 Handb.
559 1968 617 2023 235
631 1968 756 2037 (Certhia
768 1969 843 2038 spina
855 1969 901 2039 L).

108 2052 298 2109 Arbelorlr'na
314 2052 378 2106 Cab.
391 2052 420 2106 0.
433 2051 497 2104 Not.
512 2053 599 2106 1847.
616 2070 666 2121 pro
681 2053 827 2106 Caereba!
844 2053 934 2107 Vieill.
946 2055 998 2106 An.
1011 2052 1137 2123 (Certhia
1148 2071 1255 2124 cyanea
1266 2053 1297 2121 L).

235 2229 318 2293 ΕΔΜ.
341 2232 369 2293 2.
414 2229 694 2315 Drepanidinae:
717 2244 814 2293 rostro
836 2244 970 2307 arcuato,
991 2231 1091 2308 tereti,
1116 2255 1134 2294 a
1155 2231 1224 2294 basi
1237 2253 1297 2294 cras

107 2331 188 2394 aiore
210 2331 324 2394 sensim
346 2343 520 2414 aegestate,
543 2331 734 2419 acutissimo;
750 2332 855 2394 tomiis
870 2331 1078 2417 superioribus
1093 2331 1297 2418 integerrimi,

109 2453 173 2493 non
194 2430 328 2494 inflexis.
351 2469 390 2477 -
416 2430 527 2494 Incolae
550 2430 729 2514 Polynesiae.

107 2533 255 2630 Drepanis
266 2556 370 2609 Temm.
382 2556 455 2608 Man.
469 2556 511 2625 (C.
523 2555 651 2608 coccinea
662 2555 734 2620 Gm.;
746 2556 876 2610 vestiaria
888 2555 966 2625 Lth).

108 2639 313 2712 Hemiqnatlua
324 2639 413 2693 Lieht.
426 2640 497 2693 Berl.
510 2639 581 2692 Abh.
596 2640 684 2706 1838,
697 2640 756 2693 449
770 2640 894 2709 (Certhia
906 2641 1020 2694 obscura
1032 2639 1137 2711 Late).

108 2722 271 2780 IIimatione
283 2724 347 2777 Cnb.
359 2724 396 2777 M.
408 2724 444 2776 H.
458 2725 495 2778 99
510 2723 553 2792 (C.
565 2714 718 2792 sangdinea
730 2724 807 2794 Gm).

278 2934 365 3010 izdo,
381 2935 549 3018 remigibus
572 2935 626 2997 10:
646 2936 753 3019 primo
770 2958 883 3020 porea.

237 3084 319 3148 ΕΔΜ.
341 3086 370 3148 3.
415 3084 697 3149 Nectariniinae:
721 3085 828 3169 lingua
850 3086 1037 3164 bitubulosa,
1060 3087 1206 3172 margine
1221 3085 1299 3173 apicis

106 3185 222 3263 lacero;
244 3186 370 3249 naribus
392 3185 563 3250 ordinariis.
584 3223 627 3231 —
649 3185 795 3248 Rostrum
819 3208 836 3248 a
858 3187 922 3250 basi
944 3198 1299 3272 porrectum,tenue,a1·

106 3297 245 3371 cuatum,
269 3286 416 3362 subteres,
440 3287 554 3350 sensim
577 3299 702 3348 acutum
724 3284 921 3370 (plerumque
940 3287 1040 3373 capite
1055 3286 1196 3373 longius,
1213 3286 1300 3353 tomiis

52 3417 57 3426 =
106 3387 286 3468 serrulatis).
331 3387 428 3450 Nares
450 3410 513 3450 non
536 3387 693 3471 elongatae.
738 3385 864 3472 Lingua
884 3388 1009 3472 longius
1028 3386 1205 3467 extensilis,
1221 3409 1301 3453 mem·

107 3486 266 3565 branacea,
289 3487 413 3572 longius
436 3487 539 3564 bifida,
561 3499 647 3572 parte
662 3487 794 3570 singula,
811 3487 1003 3573 marginibus
1017 3486 1145 3552 reflexis
1160 3489 1299 3561 tubulos,

108 3587 141 3650 in
163 3588 274 3651 tubum
297 3588 490 3664 distinctum,
514 3587 693 3663 suetonium,
716 3587 857 3664 formato,
881 3588 968 3673 apice
983 3599 1105 3650 tantum
1123 3588 1254 3653 brevius
1271 3588 1300 3652 la·

106 3711 186 3765 cera,
220 3712 283 3751 non
317 3711 391 3751 vero
424 3686 608 3772 penicillata.
652 3685 784 3772 Linguae
815 3688 932 3751 radices
959 3689 997 3770 (s.
1023 3711 1142 3754 cornua
1167 3690 1300 3775 hyoidea)

107 3787 231 3873 longius
257 3812 347 3874 supra
370 3788 494 3872 occiput
516 3786 744 3851 adscendentes.
766 3826 806 3833 —
832 3787 942 3851 Incolae
965 3788 1089 3866 Africae,
1115 3791 1205 3854 Asiae
1226 3789 1300 3854 rneri-

106 3887 239 3951 dionalis
262 3901 293 3952 et
314 3888 451 3973 regionis
474 3887 637 3950 Australis.

107 4011 279 4069 Nectarim'a
301 4013 343 4065 Ill.
361 4013 453 4065 Prodr.
471 4011 594 4081 (famosa
611 4012 656 4081 L).
683 4013 778 4065 Genus
793 4031 926 4082 nragnum
944 4013 999 4083 (sp.
1016 4013 1088 4067 ultra
1103 4015 1164 4069 100
1177 4013 1297 4085 cognite)

150 4101 178 4148 et
199 4097 319 4149 maxime
342 4097 475 4162 naturale,
498 4096 579 4148 hodie
602 4112 668 4149 vero
690 4096 719 4148 in
741 4115 901 4150 numerosas
923 4097 1080 4166 particulas,
1097 4115 1204 4167 genera
1216 4100 1296 4155 dictas

149 4178 308 4232 laceratum.
351 4181 441 4233 Mares
463 4180 545 4246 enim,
565 4179 672 4248 picturi
687 4181 764 4232 vario
782 4182 864 4233 modo
882 4182 1013 4251 msigneS,
1029 4181 1090 4250 typi
1104 4183 1249 4236 nominum
1260 4198 1295 4250 ga·

151 4263 305 4316 nericorum
317 4264 396 4322 vfacti
420 4269 494 4329 sunt,
517 4264 653 4331 pleraeque
669 4281 734 4316 vero
748 4282 786 4332 sp.
799 4265 971 4317 intermediae
983 4283 1017 4318 ex
1029 4266 1144 4319 arbitrio
1157 4264 1294 4320 inserende

150 4351 179 4398 et
199 4346 312 4400 feminae
334 4348 555 4402 indeterminatae
567 4347 676 4400 relictae.
721 4348 830 4400 Vanum
852 4356 946 4402 tamen
968 4350 1114 4418 negotium
1137 4351 1253 4415 videtur,
1271 4362 1293 4399 ea

149 4448 283 4499 separare,
311 4449 371 4498 quoe
393 4432 453 4500 ipsa
476 4436 575 4484 natura
595 4449 651 4483 non
675 4431 804 4486 distinxit
826 4433 873 4486 sed
894 4433 992 4486 fonnis
1014 4434 1187 4487 intermediis
1208 4433 1292 4499 ubique
