2842 4912
651 299 785 345 08011138.

384 512 562 579 COHORS
586 515 613 577 l.
657 510 1049 577 CICHLOMORPHAE.

513 646 727 710 Turdiformes
749 646 820 711 nob.
845 647 929 711 olim.

216 767 425 842 Rostrum
450 764 716 865 grypunium
744 764 814 839 vul
842 766 1106 865 subillatum,
1136 767 1316 843 naribus

111 884 332 961 humilius
363 882 531 985 positis
565 882 702 981 (tomiis
733 910 843 981 quom
875 882 1027 959 culmini
1054 884 1313 985 propioribus).

198 1002 349 1067 Rostrum
371 1025 389 1064 a
410 999 476 1065 bosi
498 998 679 1086 plerumque
701 1011 886 1084 poneetum,
908 1001 1012 1065 tomiis
1031 1001 1228 1067 inferioribus
1244 1003 1315 1065 sim-

109 1104 250 1193 plicibus
271 1107 344 1186 (nee
365 1115 401 1165 ut
421 1101 455 1164 in
478 1099 555 1164 roh.
578 1099 826 1183 2‹larbr1natis);
850 1138 888 1147 —
916 1104 1141 1189 grypsnium
1167 1102 1224 1178 lll„
1247 1102 1266 1167 i.
1290 1128 1315 1167 e.

109 1205 254 1271 eulmine
286 1202 438 1279 subrecto,
471 1200 558 1286 spice
591 1199 738 1263 arcuatim
772 1199 905 1279 deflexo,
939 1203 1125 1273 acuminato,
1157 1204 1196 1267 ud
1222 1204 1317 1268 lutera

109 1306 299 1395 plerumque
320 1304 478 1368 inciso—
491 1301 639 1387 Angulus
662 1301 758 1364 menti
781 1301 897 1367 brevis:
921 1303 976 1366 vix
994 1326 1079 1389 reque
1094 1328 1129 1367 ac
1146 1327 1233 1367 nares
1248 1328 1316 1390 pro·

109 1406 236 1471 duetus.
270 1404 393 1491 Lingua
414 1403 548 1489 planata,
571 1401 745 1477 mediocris,
769 1426 831 1465 non
854 1403 1022 1467 extensilis.
1055 1403 1179 1489 Unguis
1195 1405 1316 1469 medius

110 1507 269 1593 obliquus.
313 1504 460 1569 Vibn'ssae
481 1503 663 1588 plerumque
684 1502 806 1567 adsunt.

535 1704 681 1769 lelmm
703 1706 731 1766 1.
766 1703 902 1768 Ocreatm

561 1838 787 1905 (Rhaunemididre
806 1840 873 1905 (uu)

110 1976 196 2027 turso
218 1970 285 2024 toto
306 1972 377 2022 oute
398 1956 599 2043 integerrima
619 1968 717 2033 tecto3
740 1968 838 2019 rostro
859 1979 1042 2042 compresso.

200 2060 239 2124 In
271 2059 379 2124 avibus
411 2058 547 2144 reliquis,
581 2057 645 2121 fere
677 2057 832 2135 omnibus,
865 2058 945 2121 eutis
972 2059 1044 2122 tarsi
1071 2061 1184 2124 suturis
1206 2061 1315 2126 divisa.

113 2162 152 2227 ln
185 2159 293 2249 paucis
324 2172 429 2224 tamen
461 2160 533 2223 tarsi
560 2158 683 2235 ocreati,
711 2170 782 2221 oute
810 2158 931 2243 integra
953 2160 1036 2237 teeti,
1060 2160 1192 2224 seilicet:
1215 2161 1249 2224 in
1270 2185 1314 2248 sp.

110 2263 238 2349 generis
259 2260 384 2346 Regnoi,
406 2259 487 2323 inter
511 2258 631 2343 Sylvius
653 2258 809 2344 dispositi3
833 2259 865 2322 in
887 2283 932 2345 sp.
954 2259 1108 2346 plerisque
1130 2260 1217 2325 Fam.
1239 2264 1316 2326 lmae

112 2362 343 2439 Intirostrium
377 2374 408 2426 et
439 2373 584 2447 praeteres
610 2359 643 2422 in
670 2360 779 2424 avibus
805 2360 976 2424 senioribus
997 2360 1046 2424 his
1068 2362 1179 2440 illisve,
1202 2363 1313 2426 multo-

116 2488 182 2531 mm
203 2485 367 2550 generum.

194 2563 408 2649 Exoeptiones
434 2561 497 2625 hoo·
519 2562 588 2625 loeo
613 2578 685 2625 sunt
710 2561 811 2624 Turdi
833 2573 863 2624 et
885 2559 1037 2625 Sarieoloe
1060 2563 1197 2648 quaedsm
1220 2564 1314 2648 majo-

111 2690 169 2744 ms,
191 2664 362 2752 praesertim
379 2662 529 2748 juniores
555 2676 627 2726 cute
653 2663 726 2726 tarsi
748 2663 848 2746 magis
868 2662 1011 2725 minusve
1031 2663 1192 2728 evidenter
1207 2665 1314 2730 divisa.

197 2767 263 2831 Ala
287 2764 381 2841 varia,
408 2764 530 2849 longior
552 2763 603 2827 vel
627 2763 756 2839 brevior,
780 2764 951 2849 remigibus
973 2787 1094 2849 semper
1116 2766 1164 2829 10.
1210 2766 1316 2831 Gauda

106 2869 269 2957 plerisque
289 2865 453 2929 mediocris
474 2864 524 2928 vel
546 2864 679 2942 brevior,
701 2865 824 2950 aqualis
846 2890 876 2928 v.
898 2865 1071 2943 rotundatu,
1095 2865 1229 2952 integm3
1249 2880 1315 2931 tun-

104 2986 179 3035 tum
195 2969 232 3033 in
247 2966 417 3031 Heniemis
432 2965 555 3050 longior
574 2978 605 3029 et
625 2965 749 3029 furcata.
782 2964 868 3028 Tarsi
889 2965 1025 3051 elongati
1040 2968 1163 3051 (praeter
1178 2966 1314 3053 Statim).

241 3150 323 3216 Fun.
340 3153 368 3215 l.
394 3150 631 3228 Lusciniinm‚
648 3173 692 3235 sp.
704 3151 813 3214 modim
823 3151 970 3236 magnius
982 3152 1068 3214 tarsis
1080 3152 1182 3237 longis
1192 3154 1316 3238 (prmter

102 3276 213 3343 genus
233 3252 305 3336 ult.)
337 3252 443 3316 Caudo
464 3250 627 3315 mediocris
648 3251 718 3327 (olm
739 3252 865 3315 cubitali
887 3252 1034 3337 aqualis),
1058 3252 1231 3330 rotundato,
1251 3255 1314 3340 ple-

103 3355 225 3441 risque,
254 3354 360 3418 saltem
388 3352 499 3439 partim
527 3351 708 3415 rufeseente.
758 3351 904 3416 Rostrum
929 3353 1053 3438 graeile,
1077 3353 1163 3439 apice
1185 3354 1241 3416 vix
1263 3354 1314 3418 de·

104 3456 241 3521 flexum.
290 3454 353 3517 Ala
380 3452 516 3516 maxime
541 3459 633 3517 varia.
657 3492 699 3500 —
722 3454 808 3517 Aves
831 3454 913 3516 orbis
935 3454 1063 3539 antiqui,
1087 3468 1194 3539 prater
1215 3477 1314 3538 genus

103 3556 269 3621 ultimum,
312 3555 393 3617 Cum
417 3554 608 3618 Ficedulinis
629 3554 677 3637 (in
703 3554 787 3618 Phul.
810 3557 877 3635 ota)
895 3567 977 3618 arete
991 3555 1177 3637 conjuncte:
1192 3577 1314 3639 praeser-

103 3657 169 3723 tim
190 3654 341 3719 differunt
362 3667 460 3717 rostro
481 3679 544 3718 non
567 3656 703 3732 dilatato,
727 3655 925 3740 vibrissisque
948 3655 1058 3740 parvis.

103 3764 255 3825 Marinio
277 3762 308 3815 L.
330 3763 408 3817 1735
433 3762 533 3833 (typus
554 3765 621 3817 Mor.
640 3763 758 3818 luscinia
780 3763 810 3815 L.
826 3786 858 3808 =
880 3762 958 3815 Luse.
977 3779 1043 3831 vero
1065 3768 1093 3814 et
1117 3763 1146 3814 L.
1166 3762 1314 3830 philomela

150 3846 232 3917 nob.)
271 3847 398 3901 Lusoiolo
419 3848 503 3917 Keys.
524 3856 550 3901 et
568 3849 640 3901 mas.
656 3880 697 3887 —
715 3849 842 3922 t'allr'ope
858 3846 958 3913 Gould;
976 3876 1016 3885 -
1034 3845 1197 3922 Cyaneeulo
1214 3846 1313 3901 Brehm

151 3932 209 3986 Isis
233 3932 313 4007 1828
336 3931 480 4001 (suecica).

103 4016 258 4078 Notodela
279 4014 355 4069 Less.
372 4015 485 4085 Belang.
518 4017 588 4086 Voy'
606 4017 702 4086 (diano
725 4016 822 4084 Lem).

152 4100 311 4175 Myiomela
327 4099 434 4169 Hodgs.
452 4100 576 4164 (leucum
593 4100 687 4170 myth,
704 4101 784 4170 eat).
800 4131 840 4138 —-
859 4099 921 4152 Obs.
938 4099 1007 4152 Miro
1024 4098 1151 4169 longipes
1163 4100 1237 4152 Less,
1249 4101 1314 4169 Coq.

152 4201 254 4255 parum
268 4182 366 4239 differt
380 4184 433 4237 uisi
449 4185 538 4238 cauda
553 4186 741 4251 emarginata3
760 4185 794 4237 sd
807 4184 950 4237 l'etroeeus
961 4183 990 4236 iu
1003 4183 1079 4236 Phol.
1093 4185 1151 4237 ora
1163 4184 1271 4237 relatus.

104 4258 270 4329 Erithaeus
284 4266 353 4322 Ouv,
371 4269 460 4322 1799:
488 4269 569 4321 Aust.
581 4270 675 4338 Comp.
689 4269 709 4321 I.
722 4269 786 4321 tabl.
800 4270 826 4334 ⁶2,
839 4285 1010 4337 rougegorge
1023 4267 1104 4345 (Mot.
1116 4268 1245 4322 nubecula
1257 4270 1313 4339 L.);

152 4350 298 4407 Dsudelus
319 4352 386 4405 Boie
408 4351 462 4405 Isis
486 4353 573 4407 1826.

133 4436 294 4511 ‘Tarsiyer
309 4436 423 4509 ,Hodgs
445 4436 472 4489 Z.
495 4437 537 4490 Pr.
562 4438 650 4504 1845,
674 4438 711 4490 28
736 4436 912 4507 (chrysmus).
