2842 4912
154 297 215 360 140
250 371 255 376 ,
355 254 357 258 Α
639 315 719 361 osso
742 315 783 359 vr.

151 454 181 506 in
203 453 323 507 Graculo
344 452 506 520 formatum,
529 453 577 507 sed
599 453 692 522 paullo
708 453 806 522 majus,
823 453 881 506 lrasi
895 452 1063 521 depressum,
1075 452 1194 505 maxilla
1204 469 1289 520 quoque

151 537 282 591 inferiore
305 536 383 606 apice
405 537 517 591 brevius
538 536 654 591 deflexa!
672 538 785 591 naribus
801 537 912 606 apertis,
928 536 1030 605 parvis,
1042 535 1184 606 oblongis,
1195 536 1224 588 in
1234 536 1290 590 sulco

151 621 219 674 sitis.
263 620 323 673 Alae
349 619 528 689 longissimae,
556 628 652 674 acutae.
696 621 782 674 Pedes
808 621 896 690 parvi,
921 619 991 673 tibia
1017 625 1079 673 tota
1104 620 1220 688 basique
1239 620 1291 673 tarsi

150 704 312 758 brevissime
334 703 474 773 plumatis.
517 704 606 774 Digiti
630 707 710 758 4-2
735 704 927 773 semipalmati,
950 702 1045 756 hallux
1068 704 1118 755 vix
1142 703 1196 756 nisi
1210 703 1291 772 margi·

150 793 242 855 nutus;
265 790 331 842 ltus
352 787 452 855 brevis,
476 788 531 841 2do
553 806 649 857 parum
672 788 790 858 longior.
812 819 853 828 -
875 790 951 840 Aves
972 787 1007 840 ad
1028 787 1122 840 maria
1141 787 1244 856 tropica
1261 787 1292 838 in·

150 872 261 938 sulares,
284 871 455 940 rupicolaef
448 889 476 924 rn
500 871 608 942 pelago,
631 890 703 941 saepe
725 873 803 925 extra
824 873 915 924 visum
938 877 1027 936 terrae,
1049 877 1165 924 tantum
1181 888 1243 924 vero
1255 887 1292 923 vo

149 954 248 1022 lantes,
270 955 357 1008 Milvo
380 955 490 1022 similes,
513 956 703 1009 observ.antur

108 1040 266 1098 Peleoanus
287 1039 319 1092 L
336 1038 379 1092 Ill.
397 1040 524 1108 (onocrot
513 1039 587 1093 talus
602 1039 656 1109 L.‚)
679 1045 767 1093 rostro
783 1039 945 1135 longissimo
961 1038 1067 1106 (capite
1079 1038 1145 1107 plus
1156 1038 1237 1107 duplo
1247 1038 1289 1090 lou

150 1124 251 1193 giore),
274 1130 357 1190 recto,
380 1122 445 1190 lato,
468 1123 604 1192 depresso,
627 1124 719 1177 dertro
742 1124 867 1188 minimo,
890 1121 1133 1192 urrguiformi—
1090 1121 1290 1176 S-rrlcusua-

151 1207 216 1260 salis
237 1207 403 1276 profundum
427 1213 555 1276 apertura
577 1207 684 1260 narium
707 1207 830 1260 obsoleta
852 1207 896 1259 vel
920 1206 1016 1259 saltem
1039 1206 1168 1273 minima,
1191 1223 1223 1259 an
1243 1223 1290 1258 vere

150 1290 221 1344 ulla?
264 1289 379 1344 Maxilla
401 1289 517 1364 inferior
538 1309 623 1359 usque
646 1291 680 1344 ad
703 1291 817 1359 apicem,
849 1290 953 1359 angulo
978 1290 1067 1342 menti
1089 1289 1164 1354 fissa,
1184 1298 1241 1343 cute
1254 1289 1288 1350 ibi,

150 1374 185 1428 ad
212 1391 321 1428 saccum
349 1373 473 1443 gularem
495 1375 681 1439 fonnandum,
704 1374 848 1428 dilatabili.
893 1374 944 1426 Ala
966 1373 1098 1439 maxima,
1122 1374 1240 1442 paullum
1258 1390 1288 1425 ro·

150 1459 276 1525 tundata,
302 1459 398 1512 cubito
418 1458 590 1528 longissimo.
633 1458 727 1512 Gauda
748 1459 849 1522 brevis,
872 1458 1028 1511 rotundata.
1073 1456 1164 1510 Pedes
1185 1457 1287 1525 majores

150 1542 248 1611 digitis
270 1542 399 1595 omnibus
419 1541 475 1596 late
497 1542 633 1612 palmatis.
655 1573 696 1582 —
719 1543 795 1595 Aves
813 1542 953 1602 maximas
975 1541 1109 1594 lacustres
1132 1547 1162 1594 et
1182 1540 1287 1605 litorales

150 1625 316 1679 arburicolae.

365 2058 367 2062 ’
432 2091 607 2156 oouons
630 2094 659 2155 4.
706 2090 987 2155 rueramus.

108 2221 228 2298 Nares
255 2223 365 2300 altius
391 2226 533 2326 positae,
561 2254 627 2325 per
644 2227 776 2300 tubum
794 2237 940 2324 apertae.
962 2277 1011 2287 -
1030 2223 1159 2322 Caput
1177 2226 1283 2325 majus,

108 2342 243 2416 collum
274 2342 448 2475 brevius,
466 2343 603 2442 plumis
629 2344 753 2442 longis
780 2353 930 2417 tectum.
984 2340 1168 2414 Rostrum
1197 2352 1289 2416 totuu

108 2484 296 2555 corneum,
332 2461 471 2536 suturis
503 2459 564 2535 vel
591 2460 704 2535 sulcis
732 2460 912 2550 divisunr;
939 2456 1059 2555 capite
1088 2456 1337 2556 plerumque

108 2574 270 2673 brevius,
310 2577 461 2652 subrect
446 2587 535 2651 tum.
589 2578 698 2676 Apex
738 2605 760 2651 a
799 2577 933 2670 dertr0,
974 2571 1337 2679 impressionedi-

109 2691 255 2790 stincto,
296 2705 460 2790 curvato,
494 2695 650 2788 adunco,
686 2706 764 2770 rost
765 2722 805 2769 ro
749 2693 959 2769 tmedio
986 2691 1051 2764 vix
1078 2693 1337 2791 angustiore,

108 2807 298 2886 formatus.
354 2753 488 2886 Sulcirs
521 2811 659 2887 nasalis
686 2839 708 2887 a
734 2811 832 2907 loris,
854 2811 965 2909 juxta
991 2808 1156 2906 culmen,
1187 2810 1235 2885 ad
1256 2820 1296 2882 to
1335 2858 1337 2913 3

109 2925 195 3024 mia,
222 2955 336 3027 prope
363 2929 519 3027 apicem,
549 2928 692 3002 ductus.
739 2925 1297 3023 Nares,insulcO,antebasi1u

110 3043 202 3139 sitae,
243 3044 392 3120 valvula
424 3072 603 3139 convexa,
631 3072 777 3140 cornea,
803 3055 921 3138 tectae,
950 3069 1034 3141 quae
1059 3041 1211 3138 tubum,
1237 3039 1298 3117 cul-
1335 3134 1337 3139 Ι

109 3159 201 3234 mini
235 3162 424 3260 adflatum,
457 3173 667 3238 antrorsum
688 3162 881 3236 directum
909 3171 947 3235 et
972 3159 1095 3234 antice
1127 3172 1297 3259 apertum,

109 3276 265 3352 format·
307 3278 414 3352 Tarsi
453 3278 527 3354 alti.
581 3278 700 3378 Digiti
739 3278 854 3376 longi,
888 3303 1018 3376 parum
1053 3275 1297 3376 divergentes,

109 3395 271 3493 perfecte
309 3395 477 3496 palmati3
512 3407 689 3470 externus
723 3395 844 3469 medio
877 3391 1114 3492 subaequalis.
1173 3393 1298 3470 Hallur

109 3514 170 3586 vel
196 3514 385 3609 minimus,
414 3540 541 3613 ungue
569 3512 647 3586 solo
674 3523 860 3607 constans,
888 3510 949 3585 vel
977 3508 1113 3584 nullus.

194 3631 285 3706 Aves¹
307 3653 437 3715 magnae,
465 3630 609 3705 minores
634 3653 742 3714 parvae,
772 3651 900 3691 occanos
927 3626 1065 3710 undique
1094 3639 1299 3712 pervagantes.

110 3731 274 3814 praesertim
304 3731 336 3793 in
363 3745 448 3815 parte
473 3731 591 3793 telluris
619 3729 822 3804 moridionali,
851 3744 936 3790 extra
963 3727 1129 3810 tropicum,
1154 3727 1300 3809 vulgares:

110 3932 190 4014 aliae)
223 3953 281 3994 ova
313 3932 346 3993 in
379 3931 541 4007 cuniculis,
576 3932 606 3992 in
642 3944 721 3992 tcrra
754 3928 840 3990 molli
868 3927 994 4002 effossis,
1018 3926 1187 4010 deponunt
1209 3927 1300 4009 ibique

6 4028 7 4032 ἵ
48 4060 53 4066 ‘
109 4033 243 4117 pullulos
265 4031 406 4095 educant.
451 4032 499 4094 Ibi
522 4055 652 4115 quoquc,
677 4044 814 4113 tompore
837 4025 1076 4111 propagationis
1098 4048 1193 4088 sonos
1209 4026 1299 4108 singu·

108 4134 186 4196 lares
218 4151 313 4195 noctu
345 4133 436 4195 ederc
469 4132 623 4194 dicuntur.
668 4128 867 4192 Animalibus
895 4125 1064 4200 molluscis:
1088 4125 1123 4187 in
1150 4122 1298 4209 superficie

110 4234 201 4303 maris
228 4233 406 4296 viventibus
433 4233 585 4318 praecipue
612 4243 792 4304 vescuntur}
820 4229 921 4311 plurcs
944 4250 1017 4288 vero
1040 4248 1084 4309 sp.
1114 4226 1200 4302 sebo,
1228 4221 1297 4287 lardo

111 4334 238 4417 aliisque
260 4333 439 4396 substantiis
461 4332 655 4408 animalibus,
673 4329 843 4415 pinguibus
859 4328 964 4403 avidae,
982 4349 1076 4388 naves
1093 4342 1264 4410 sequuntur
1276 4336 1296 4382 et

110 4434 339 4512 circumvolant,
361 4435 416 4497 ubi
438 4433 630 4519 experientia
652 4432 766 4506 docuit,
790 4428 934 4492 frustulas
957 4424 1111 4509 ejusmodi
1134 4449 1214 4510 saepe
1230 4421 1296 4486 deci·
