2842 4912
125 893 279 979 ORDO
312 889 576 995 QUINTUS.
639 893 1218 978 GRALLATORES.
1261 967 1270 978 .

559 1074 740 1138 omnum)
760 1075 786 1123 n.

172 1214 288 1287 Pedes
313 1212 415 1308 longi
439 1213 534 1286 titiis
561 1213 663 1310 apice
689 1215 811 1304 audis,
841 1213 963 1307 (liudis
979 1214 1093 1311 fissis.

172 1325 296 1425 Caput
315 1350 484 1423 parvum,
504 1334 625 1399 rostro
638 1324 825 1424 plerisque
840 1323 1151 1430 longogangusto.
1187 1325 1273 1400 Col-

83 1439 149 1517 lum
166 1443 336 1539 longum,
356 1439 487 1515 sort-ius
510 1439 720 1515 S-sormiter
733 1441 924 1538 inflexum,
939 1451 1158 1541 angustumss
1174 1469 1272 1542 saepe

83 1578 172 1656 tero,
191 1558 330 1658 plumis
348 1557 581 1656 longioribus
600 1557 789 1653 vestitum,
805 1558 967 1634 crassius
981 1569 1143 1659 apparet.
1179 1557 1273 1633 Ver-

83 1675 187 1751 ebrae
226 1674 310 1750 colli
354 1678 499 1747 13-17
515 1673 581 1772 0⁰).
636 1673 782 1772 Corpus
823 1701 971 1775 semper
1005 1701 1271 1775 compressum.

83 1781 202 1869 lauda
239 1791 376 1867 brevis.
431 1790 512 1864 Alae
544 1790 731 1889 plerisque
765 1791 898 1891 longae,
938 1793 1005 1868 sed
1041 1794 1081 1867 in
1117 1792 1273 1868 Rallinis

83 1928 218 1999 neves.
272 1907 391 2008 Digiti
432 1907 544 1982 antici
580 1935 602 1982 a
632 1906 714 1982 basi
749 1908 1006 2008 divergentes:
1036 1910 1096 1985 vel
1122 1909 1274 1985 omnino

83 2018 189 2123 iberi,
218 2026 279 2100 vel
305 2025 403 2125 plica
429 2035 586 2099 eutunea
605 2025 743 2124 juncti3
771 2025 850 2099 haee
878 2054 967 2101 vero
984 2027 1081 2128 plica
1098 2028 1174 2102 fere
1192 2037 1274 2102 tan-

83 2167 150 2220 um
177 2143 220 2216 in
246 2141 528 2217 Recurvirostra
556 2142 682 2240 major,
707 2143 908 2218 natatoria·
940 2144 1130 2243 Pleraeque
1148 2155 1273 2218 tamen

83 2261 219 2363 speeies
258 2259 364 2334 brevi
398 2270 524 2354 natare
556 2272 724 2356 possunt,
757 2260 902 2335 etiamsi
937 2287 1192 2359 compressum
1225 2259 1274 2335 sit

83 2403 225 2480 torpus3
253 2376 390 2476 plumis
417 2375 517 2450 enim
545 2374 717 2472 elastiois‚
747 2404 853 2475 aquae
881 2378 1141 2453 resistentibus
1158 2377 1272 2483 vesti-

83 2498 193 2574 rnt'ur.
252 2493 387 2568 Ardeae
414 2504 539 2567 tamen
567 2494 700 2568 ceteris
727 2495 852 2569 minus
878 2493 1079 2568 natatoriae.

172 2611 403 2688 Grallatores
442 2609 544 2684 victu
583 2609 659 2684 fere
690 2622 835 2685 tantum
867 2611 1015 2685 animali
1043 2611 1272 2703 nutriuntur;

83 2735 224 2808 limata
245 2728 362 2827 igitur
379 2725 555 2801 calidiora
573 2738 610 2800 et
628 2726 735 2802 litora
752 2727 971 2803 inhabitant.
1014 2728 1167 2828 Species
1185 2754 1273 2803 vero

83 2851 133 2926 lis
165 2844 373 2944 majoribus
399 2843 565 2943 praeditas
593 2855 630 2917 et
656 2855 806 2919 strenue
830 2845 999 2921 volantes
1016 2846 1191 2945 regiones
1208 2846 1274 2920 bo-

83 2966 192 3045 eales
226 2972 354 3037 aestate
386 2961 541 3036 visitant
572 2961 698 3059 ibique
732 2974 996 3062 propagantur,
1027 2964 1095 3038 sed
1121 2964 1293 3038 ineunte

83 3092 276 3160 uctumno
303 3089 341 3152 et
367 3077 517 3176 longius
540 3089 625 3151 ante
648 3077 798 3175 frigora,
820 3080 1014 3154 meridiem
1033 3066 1165 3156 versus
1183 3081 1274 3155 emi-

83 3207 193 3298 stant.
251 3195 394 3293 Tn'nga
431 3204 558 3269 tamen
596 3183 781 3269 maritima
814 3196 853 3269 in
886 3198 1033 3274 elimate
1060 3198 1196 3275 boreali
1226 3199 1272 3273 ad

83 3319 182 3394 itera
207 3314 333 3408 maris,
362 3310 425 3385 ubi
453 3321 580 3409 aperta
606 3321 703 3407 sunt,
731 3313 893 3388 hiemem
920 3315 1034 3413 degit.

366 3564 470 3627 Series
493 3563 591 3643 prior.
622 3561 811 3628 (trassatores
833 3568 985 3631 attineret.

83 3721 195 3796 lares
226 3742 363 3817 parvae,
393 3711 502 3787 altius
529 3711 669 3810 posita,
698 3738 782 3787 osse
810 3726 847 3788 et
873 3716 981 3790 theca
1008 3717 1110 3813 dura,
1139 3743 1274 3790 eornea

83 3838 219 3929 inctae,
247 3842 331 3906 oute
359 3828 459 3904 molli
487 3827 587 3901 nulla
613 3827 673 3900 vel
700 3830 846 3929 exigua.
902 3834 1077 3908 Rostrum
1096 3833 1272 3929 validum,

83 3994 281 4011 ’,ι-

84 4057 116 4120 *)
137 4053 214 4112 Avis,
232 4035 342 4114 pedibus
359 4049 445 4109 longis
463 4047 597 4103 instructa,
616 4060 674 4093 cum
693 4037 877 4103 granatum,
891 4038 981 4100 grallis
993 4038 1136 4095 incedente,
1150 4050 1201 4084 non
1215 4050 1274 4084 vero

138 4134 204 4169 cum
221 4117 345 4181 grellia,
364 4114 509 4177 comparari
526 4116 619 4175 potest.

83 4207 121 4267 ²²⁸¹)
144 4203 177 4251 In
197 4202 265 4251 Grue
282 4203 309 4249 et
326 4199 418 4248 Ardeis
437 4201 478 4255 173
497 4198 525 4244 in
544 4195 702 4244 Ciconiaoeis
722 4197 760 4240 15.
794 4189 926 4238 vertebrae
944 4186 1004 4235 colli
1021 4186 1154 4263 maribus
1166 4200 1273 4263 nomem

140 4274 186 4319 sat
203 4269 293 4318 variae:
313 4267 347 4315 ab
366 4268 404 4325 11,
423 4265 452 4313 in
471 4264 593 4325 Striginis
610 4267 637 4310 ot
655 4258 829 4315 Aloedinibus‚
849 4256 882 4303 ad
900 4257 931 4303 23
950 4269 974 4300 v.
993 4254 1032 4312 24,
1052 4268 1079 4301 m
1099 4253 1203 4315 Cygms.

1194 4336 1231 4396 16

122 4383 218 4437 Mettodt
231 4384 308 4424 Avium
320 4383 495 4432 disponendarum
508 4380 614 4428 erponem.
