2842 4912
588 296 780 341 smmum.

91 439 326 515 Yipdorhynclas
336 435 389 489 Sw.
401 435 418 488 l.
429 454 453 489 c.
464 435 511 502 (D.
523 452 675 504 procurvus
685 400 827 489 Tem-,COL
841 436 901 502 28).

91 523 337 600 llypdorlynclms
350 520 439 573 Wied.
452 520 509 573 Btr.
522 520 568 587 (D.
580 526 714 573 cuneatus
727 520 835 587 nicht).

91 610 252 666 littosornus
264 606 316 659 Su'.
327 605 354 658 Z.
366 605 392 658 J.
407 605 485 658 1827
500 604 546 673 (l).
558 603 706 674 erythacus
719 603 828 672 hient).

469 992 598 1047 Oscimnn
621 990 899 1060 Seutelliplautariuur

396 1135 572 1201 (tenens
595 1136 624 1199 a
668 1092 973 1201 crispinum.

91 1257 250 1336 tenella
276 1256 365 1332 tarsi
384 1256 507 1331 antica
524 1255 705 1356 perlatus
723 1266 917 1329 externum
937 1255 1160 1353 continuata,
1180 1256 1284 1355 plan-

91 1405 160 1453 um
189 1375 461 1476 amplectentia.

171 1510 290 1574 Cohors
322 1509 387 1572 hac
420 1509 501 1571 iuter
527 1507 657 1590 majores
684 1519 715 1569 et
742 1507 877 1569 maxime
902 1507 1056 1583 naturales
1087 1507 1285 1571 numeranda.

91 1612 214 1699 Species
242 1633 345 1674 omnes
372 1609 560 1681 ammianum,
588 1607 755 1693 pracsertim
779 1607 993 1671 rneridiouales
1014 1623 1045 1671 et
1064 1608 1201 1693 tropicae3
1223 1608 1286 1693 ple·

91 1735 185 1798 ‚reque
220 1710 322 1775 colore
353 1709 475 1774 sordide
507 1709 688 1784 virescente,
720 1708 827 1771 saltam
856 1709 1040 1772 seminarum
1068 1722 1100 1772 et
1123 1709 1285 1791 juniorum

91 1813 239 1897 insignes,
262 1811 379 1875 vertice
401 1834 479 1896 saepe
500 1809 599 1873 nitide
622 1808 712 1886 dave,
736 1809 927 1873 occultando
1200 1804 1202 1811 ’

175 1965 223 2027 120
245 1962 466 2049 Exaspideae
488 1959 764 2047 Lysodactylre:
787 1962 895 2046 digitis
917 1964 967 2041 (ut
989 1961 1021 2023 in
1045 1961 1209 2024 Oscinibus
1226 1946 1299 2047 ple?

92 2063 204 2151 risque)
227 2063 352 2127 brevius
373 2063 522 2127 connatis.

216 2249 299 2312 Fan.
323 2249 351 2311 l.
389 2246 709 2331 Oxyrhynchinae:
730 2249 1205 2333 rostroangustiusrecticonioo‚
1218 2249 1288 2312 sub·
1336 2265 1339 2284 '

101 2351 189 2428 tereti,
212 2348 399 2424 acutissimo,
422 2348 547 2411 naribus
569 2349 857 2433 longitudinalibus‚
881 2350 1002 2435 apertis,

91 2458 95 2483 ¹
176 2452 206 2513 A
234 2448 434 2535 sequentibus
466 2460 583 2512 tautum
613 2449 711 2512 formu
737 2451 826 2513 rostri
849 2450 1004 2513 differunt.
1055 2449 1125 2535 lpse
1146 2450 1290 2511 inventor

91 2542 287 2631 {mitissimus
319 2548 533 2613 diversitatum
567 2551 600 2613 in
633 2552 732 2615 forma
764 2552 843 2615 mitis
876 2552 1032 2637 plantaria
1060 2551 1218 2613 oblivione
1240 2549 1291 2611 vel

110 2668 193 2715 errore
220 2650 354 2737 quodam
381 2650 535 2727 seductus,
563 2649 621 2712 hoc
648 2674 756 2735 genus,
785 2653 824 2716 ab
847 2653 936 2716 initio
957 2676 1064 2737 usque,
1087 2675 1157 2713 cnm
1184 2650 1290 2735 Synal·

109 2744 205 2816 trinis
232 2766 264 2816 et
291 2751 591 2837 Dendrocolaptibus
617 2753 806 2816 consociavit
830 2752 924 2831 (Mus.
950 2752 1042 2816 Hein.
1067 2752 1109 2828 ll,
1126 2753 1191 2834 31).
1225 2750 1291 2813 Ad·

108 2853 269 2918 mirandum
302 2876 376 2917 vero
408 2865 455 2916 est
482 2851 703 2936 Ornitlrologos
729 2877 835 2917 onmes
863 2855 1053 2939 posteriores,
1078 2853 1166 2916 etiam
1189 2875 1292 2915 recen·

105 2951 238 3023 tissimos.
266 2953 511 3038 disquisitionem
540 2954 694 3039 propriam
717 2955 921 3040 negligentes,
945 2978 1062 3030 morem
1085 2955 1151 3036 ejus
1174 2966 1293 3016 secutos

102 3075 167 3119 esse.
210 3053 356 3119 Errorem
390 3054 487 3138 igitur
513 3079 575 3117 non
603 3070 835 3140 perspexerunt,
864 3057 920 3118 etsi
946 3080 1045 3140 genus
1074 3052 1292 3140 Oxyrhynchi,

98 3154 203 3233 format,
225 3154 334 3219 habitu
357 3168 388 3218 et
409 3143 510 3218 colore
532 3156 570 3218 ab
593 3158 790 3241 endcapideia
812 3157 940 3219 omnino
962 3157 1132 3229 abhorreat,
1153 3155 1206 3218 sed
1221 3177 1293 3217 cum

96 3256 271 3342 ecaapideia
293 3256 372 3320 bene
394 3256 567 3323 conveniat.
612 3257 726 3321 Forma
747 3257 836 3320 rostri
858 3257 897 3320 ab
918 3257 1056 3340 utrisque
1078 3280 1163 3341 aeque
1182 3256 1292 3319 differt.

94 3356 198 3443 Digiti
219 3356 286 3421 basi
308 3379 417 3441 parum
439 3357 573 3420 connati.
640 3352 642 3357 ’

91 3480 304 3558 Onyrdynclrua
324 3480 428 3534 Teium.
451 3480 507 3535 Col.
533 3483 590 3536 125
615 3482 798 3552 (flammiceps
814 3483 941 3551 Temni).
985 3482 1091 3535 Nomen
1110 3482 1208 3535 deinde
1224 3497 1293 3549 prae-

134 3571 181 3620 tor
201 3565 393 3618 necessitatem
416 3565 445 3617 in
468 3565 725 3636 ''Oxyrlraurpliuui”
748 3567 854 3621 Striekl.
877 3571 1023 3619 nurtntum.
1067 3567 1162 3620 Colore
1183 3565 1293 3623 virenti,

133 3648 357 3703 fuseomaeulato
379 3649 535 3717 verticeque
551 3651 640 3704 nitide
655 3651 737 3718 flavo,
753 3651 850 3704 similis
866 3652 979 3720 Legntn,
996 3650 1185 3720 Myiodynasti
1201 3655 1228 3702 et
1243 3654 1293 3701 cet.

224 3858 311 3923 ΕΔΜ.
331 3863 358 3923 2.
392 3859 420 3922 Τ
425 3861 631 3943 yranninae:
647 3876 745 3926 rostro
760 3863 859 3947 magis
875 3862 1017 3924 minusve
1029 3861 1196 3949 grypanio:
1209 3860 1294 3945 apice
1376 3933 1379 3943 „

91 3959 233 4037 deflexu,
255 3961 346 4024 etad
368 3959 462 4024 latera
485 3962 595 4038 inciso3
619 3962 726 4047 digitis
748 3963 798 4045 (ut
820 3962 852 4024 in
869 3962 1034 4025 Oseinibus
1049 3962 1215 4047 plerisque)
1230 3960 1295 4023 basi

91 4084 208 4150 parum
231 4061 379 4125 connatis.

183 4160 282 4226 Nares
303 4161 483 4241 rotundatae,
507 4163 642 4227 maxima
661 4178 746 4249 parte
761 4189 778 4227 a
793 4164 907 4249 plumis
922 4165 1032 4227 iiontis
1046 4163 1296 4227 recumbentibus

93 4264 148 4328 vel
182 4262 333 4350 adpressis
365 4274 459 4327 tectae.
505 4265 649 4327 Rostrum
677 4264 830 4350 plerisque
857 4265 946 4329 valde
973 4265 1161 4350 depressum,
1189 4264 1296 4339 latum,

95 4363 239 4427 vibrissis
263 4363 431 4448 majoribus
454 4380 609 4440 ornatuum
632 4366 665 4428 in
687 4366 869 4450 quibusdam
894 4380 996 4430 tamen
1021 4379 1108 4440 teres
1134 4366 1181 4428 vel
1205 4366 1295 4428 etiam

149 4482 241 4522 Marsaci·
255 4482 331 4521 Avium
345 4483 518 4530 dtrponruvtarum
533 4487 635 4532 arnoaldo,
981 4452 987 4461 Ι
1026 4486 1029 4490 ’
1237 4455 1255 4512 ὅ
