2812 4912
170 855 338 942 ORDO
370 852 660 941 SEPTIMUS.
722 857 755 939 P
772 857 808 938 R
825 857 862 942 Ο
880 856 915 941 C
932 858 967 941 E
984 858 1070 940 RE
1088 853 1127 940 S.

422 1021 571 1071 procum
589 1022 629 1070 Ill.
665 1022 797 1070 RATITAE
817 1023 892 1071 Merr.

38 1137 123 1212 Alae
150 1163 299 1238 parvae,
326 1163 440 1211 manu
467 1135 671 1236 digitisque
690 1164 710 1211 a
729 1137 854 1212 cubito
881 1137 1070 1238 porrectis.
1112 1138 1253 1213 Plumae

38 1254 215 1356 corporis
243 1253 408 1328 hamulis
434 1253 621 1328 radiorum
650 1252 954 1328 secundariorum
981 1254 1180 1332 destitutis.

142 1371 215 1471 Sp.
245 1370 433 1470 pleraeque
461 1369 558 1444 iuter
576 1396 665 1444 sves
684 1370 874 1464 maximae3
899 1397 1030 1446 ornnes
1047 1383 1252 1470 terrestres,

45 1489 238 1584 cursoriae,
259 1487 409 1563 volandi
425 1488 660 1586 impotentes.
694 1490 809 1562 Artus
828 1488 929 1562 enirn
950 1489 1153 1564 anteriores
1171 1516 1254 1590 per-

34 1606 160 1707 ·purvi,
191 1618 240 1679 ut
266 1603 308 1678 in
333 1604 594 1679 mammalibus
621 1604 782 1678 formati:
811 1605 941 1704 digitis
960 1618 1170 1680 antrorsum
1189 1633 1254 1681 ex-

47 1723 164 1799 tensis
197 1723 250 1823 (v.
271 1720 345 1796 tab.
367 1721 439 1821 adj.
457 1721 520 1820 fig.
542 1720 608 1813 Vl,
631 1748 698 1796 uec
713 1721 807 1795 utin
821 1722 955 1797 aribus
969 1722 1122 1822 reliquis
1137 1724 1254 1800 omni-

43 1840 124 1939 bus,
153 1840 278 1916 etiam
303 1837 560 1938 impennibus:
588 1838 636 1913 ad
662 1865 826 1937 carpum,
848 1839 1025 1937 junctura
1046 1840 1184 1938 mobili,
1204 1840 1254 1914 ita

37 1958 155 2055 flexa,
189 1967 234 2030 ut
266 1955 392 2054 apices
420 1954 623 2054 digitorum
650 1966 852 2029 retrorsum
877 1959 1070 2056 spectent).
1126 1957 1253 2032 Pollex

40 2074 177 2173 igitur,
195 2084 239 2148 ut
257 2073 297 2146 in
315 2099 429 2147 manu
447 2071 609 2146 hominis
629 2071 679 2169 (iu
700 2084 797 2146 statu
812 2071 982 2169 naturali,
998 2101 1073 2147 non
1086 2086 1259 2175 pronato,

50 2216 126 2264 nec
153 2190 351 2291 supinato),
380 2216 402 2264 a
427 2188 596 2287 margine
621 2216 754 2263 manus
775 2189 963 2289 superiore
984 2189 1140 2289 (radioli)
1160 2191 1252 2279 exit;

62 2305 116 2404 (in
146 2304 201 2382 ala
226 2307 329 2381 flexa
356 2305 581 2405 reliquarum
608 2305 745 2399 urium,
774 2306 934 2404 margini
961 2306 1125 2380 inferiori
1153 2307 1251 2406 affigi

60 2420 224 2524 videtur).
281 2422 363 2497 Alae
383 2422 521 2497 Avium
544 2422 744 2497 Procerum
762 2424 899 2523 plumis
917 2422 1165 2523 paucioribus,
1186 2424 1251 2498 sed

55 2539 257 2641 majoribus
288 2549 477 2638 teguntur,
512 2539 719 2638 remigibus
746 2566 835 2613 vero
861 2552 999 2636 carent,
1027 2539 1087 2614 vel
1113 2567 1252 2639 paucae,

52 2657 252 2752 deformes,
281 2656 420 2744 adsunt
447 2655 500 2756 (in
526 2656 730 2756 Casuario).
785 2656 882 2731 Ossa
908 2657 1120 2756 nretacarpi,
1147 2657 1254 2732 utin

28 2794 33 2805 '
49 2774 185 2851 avibus
211 2773 379 2872 reliquis,
397 2773 479 2868 tria,
499 2786 681 2848 concreta.
722 2773 843 2848 Pedes
862 2772 925 2848 alti
943 2773 1019 2848 fere
1037 2774 1251 2873 grallatorii.

48 2894 242 2992 Apertura
272 2890 347 2964 oris
381 2888 531 2988 longius
557 2891 656 2965 fissa.
710 2891 830 2966 Nares
857 2890 1036 2966 humilius
1062 2894 1204 2992 positae,
1233 2920 1254 2967 a

10 3050 22 3075 ,-
48 3007 130 3084 basi
157 3006 389 3083 remotiores.
445 3006 620 3105 Angulus
647 3009 763 3082 menti
790 3008 936 3106 longus.
992 3008 1193 3108 Palpebrae,
1213 3019 1255 3083 ut

9 3122 88 3215 [sin
113 3122 390 3223 mammalibus,
419 3122 561 3197 ciliatae.

9 3270 32 3317 ι,
132 3240 258 3304 Formae
279 3239 335 3302 ulae
354 3262 471 3303 mancae
491 3251 707 3324 congruenter,
726 3241 857 3309 musculi
874 3242 1050 3328 pectorales,
1067 3241 1145 3304 utin
1158 3264 1253 3304 mam-

9 3330 195 3417 ‘nulibus
229 3354 348 3404 tenues,
392 3339 505 3402 Carina
536 3340 635 3424 igitur
667 3341 762 3403 sterni
788 3341 881 3405 nulla.
924 3342 1003 3423 (Sed
1026 3341 1251 3405 observandum

22 3454 105 3535 est,
128 3441 244 3504 hanc
235 3464 270 3502 111
290 3416 417 3524 reliquis
439 3440 548 3503 avibus
570 3441 769 3525 impennibus
789 3441 893 3504 adesse
908 3455 940 3504 ct
953 3441 1114 3525 quidem,
1105 3465 1138 3504 ιιι
1154 3443 1252 3526 Apte-

9 3586 15 3607 .
50 3542 179 3627 nodyte,
202 3540 321 3622 altam).
365 3539 414 3603 De
435 3540 554 3603 ossibus
576 3540 632 3602 sub
656 3540 721 3603 basi
742 3541 849 3613 cranii,
873 3541 910 3603 ab
928 3541 1066 3604 Huxnur
1081 3540 1250 3627 descriptis,

9 3646 19 3659 “
48 3662 78 3704 v.
105 3664 209 3726 supra,
239 3639 357 3703 Introd.
386 3663 415 3725 p.
443 3639 519 3704 VII.
542 3678 585 3687 -
607 3639 734 3719 Plumae,
757 3654 792 3704 ut
814 3641 847 3704 in
870 3640 1124 3726 Aptenodytinis,
1148 3653 1250 3705 cutem

46 3763 139 3826 eque
158 3753 280 3824 tegunt,
303 3740 429 3825 apteriis
450 3740 545 3803 nullis
565 3740 677 3824 (Nzh).
722 3741 861 3825 Pogonis
882 3740 1067 3825 plumarum,
1091 3741 1131 3804 ob
1151 3741 1252 3805 defec-

46 3851 117 3904 tum
139 3839 349 3918 hinnulorum,
375 3863 440 3903 non
465 3839 658 3904 cohaerentia.
697 3841 820 3904 Ptilosis
841 3841 947 3926 igitur.
969 3841 1076 3926 procul
1097 3842 1172 3919 visa,
1195 3842 1252 3904 vil·

44 3939 112 4004 losa
135 3947 692 4024 apparet*

137 4039 190 4125 Sp.
202 4040 309 4103 mulrae
321 4052 446 4104 aetatum
458 4040 576 4104 telluris
587 4012 796 4125 antiquiim
809 4042 981 4106 exstinctas·
974 4065 1126 4128 ,quarum
1138 4043 1250 4127 plures,

43 4126 206 4206 ossibus
197 4164 231 4203 m
259 4152 340 4204 terra
365 4136 512 4219 inventia
540 4141 768 4226 quodammodo
794 4142 927 4226 cognitae
953 4155 1033 4206 sunt
1077 4141 1116 4205 In
1139 4143 1251 4228 quibus

41 4240 218 4329 praesertim
240 4261 341 4325 genus
363 4238 521 4302 Diuorur's
545 4238 622 4319 Ow,
645 4242 694 4325 cuj
698 4265 734 4304 us
682 4265 799 4327 J.sp
814 4242 941 4327 plures
932 4266 965 4305 ιιι
981 4241 1079 4306 Nota
1088 4241 1251 4307 Zeelaudis

42 4343 208 4406 vixerunt.
253 4339 325 4404 Hoc
346 4363 421 4404 vero
442 4339 510 4405 loco
532 4292 719 4405 omitlcndae.
