2842 4912
150 262 188 317 66
554 271 689 329 oscines,
711 271 866 317 sonuum.

192 411 209 464 2
233 410 502 485 Plryaorbamplaa
524 409 607 479 Kaup
628 410 655 462 Z.
672 410 715 463 Pr.
734 411 823 477 1851,
839 428 865 481 p.
878 411 933 475 52;
955 409 1137 465 Smithornis!
1160 411 1209 481 Bp.
1227 413 1280 480 (Pla-

108 493 182 566 tyrh.
214 494 342 564 capensis
369 494 403 547 A.
425 493 480 547 Sm.
502 493 545 547 Ill.
567 492 593 546 S.
615 493 694 564 Afr);
727 493 842 548 ultimus
869 494 897 547 in
922 492 999 549 Fam.
1025 493 1247 564 Myiagrinarnm,
1263 507 1281 551 ut

107 578 260 633 membrum
293 577 355 648 ejus
383 576 472 631 solnm
505 576 669 645 africanum,
692 584 735 631 sat
756 578 893 644 aberrans,
915 577 1087 632 inserendus.
1130 578 1157 631 A
1178 579 1282 633 latiros-

107 661 220 716 tribus
241 661 351 716 differt:
373 679 486 731 corpore
508 661 648 728 crassiore,
672 667 759 715 rostro
781 661 894 732 majore,
915 661 1023 728 latiore,
1045 667 1090 715 sat
1104 663 1283 729 convexatus

108 751 140 799 ut
164 746 193 799 in
221 744 379 816 Eurylsemo
405 763 431 798 v.
457 745 627 815 Tyrunninis
653 745 817 813 quibusdam
839 746 976 811 fomratc3
998 745 1090 815 digito
1111 751 1225 800 externo
1241 765 1282 801 cun

108 829 233 884 articulis
253 829 337 900 digiti
357 829 443 883 medii
468 831 481 882 1
504 835 535 883 et
558 830 575 883 2
598 829 666 883 totis
684 826 813 883 connato.
851 829 1007 882 Praesertim
1024 846 1092 882 vero
1106 829 1203 884 differt
1216 831 1283 900 plana

109 914 190 968 tarsi:
223 912 336 968 laminis
368 915 385 968 2
420 912 580 967 lateralibus
612 914 677 983 (pro
714 913 843 983 posticis)
881 912 1018 983 angustis,
1054 913 1153 968 minus
1183 915 1283 971 defines

109 998 200 1068 spatio
221 997 368 1067 interjecto
390 997 539 1067 (plantari)
561 997 667 1064 latiore,
690 997 789 1051 areolis
809 997 903 1051 crebre
924 996 1075 1066 congestis,
1091 997 1152 1052 fere
1167 999 1207 1052 bi·
1220 999 1283 1052 utri·

109 1081 224 1149 seriatis,
257 1081 306 1136 sed
337 1081 511 1148 inordinatis,
538 1081 651 1151 repleto,
678 1081 820 1151 separatis.
863 1081 951 1135 Nares
971 1097 1046 1147 vero,
1068 1081 1131 1148 alle,
1152 1083 1241 1149 cauda,
1257 1101 1283 1135 re·

108 1165 215 1234 migum
241 1165 331 1234 primu
357 1165 484 1219 lectrices
510 1183 607 1235 parum
634 1182 774 1234 superans,
802 1171 833 1219 nt
854 1165 883 1218 in
906 1164 1075 1235 Mnscicapis
1096 1165 1230 1235 plerisque
1245 1167 1283 1219 lor·

108 1255 200 1303 matae.
243 1249 374 1303 Vibrissae
407 1249 497 1303 adhuc
530 1249 629 1319 plures,
662 1266 712 1303 nec
744 1249 837 1303 minus
862 1248 958 1302 fortes.
1001 1248 1116 1302 Ptilosis
1142 1250 1283 1316 mollissima,

108 1333 269 1403 grisescens,
291 1333 438 1388 maculata.
460 1364 501 1374 -·
522 1333 679 1402 Specimina
700 1350 735 1386 ex
757 1332 914 1387 Port-nutal
936 1331 1030 1387 retulit
1051 1333 1078 1386 J.
1101 1333 1250 1404 Wahlberg.

193 1484 260 1554 Pag.
294 1487 321 1551 5,
355 1485 432 1538 Fam.
465 1483 682 1538 Enciohlinae.
727 1483 761 1537 In
789 1483 974 1553 descriptione
1001 1483 1161 1538 addendum
1183 1492 1231 1538 est:
1249 1485 1281 1537 Re·

108 1568 216 1638 migum
242 1569 256 1622 1
280 1568 380 1639 longa:
403 1568 570 1622 cubitalibus
592 1566 759 1637 subaequalis
775 1574 804 1622 et
822 1567 962 1637 primariis
974 1567 1068 1638 longis
1082 1585 1181 1637 parurn
1196 1568 1283 1622 brevior.

107 1651 168 1713 Qua
190 1670 218 1705 re
237 1669 301 1706 cum
316 1652 536 1728 Myiotm'cbade,
552 1652 580 1704 in
597 1651 674 1707 Fam.
689 1651 843 1722 penultima
858 1650 1152 1721 Soutelliplantarium,
1166 1652 1283 1712 convenit

108 1752 172 1788 oum
194 1753 248 1804 qna
270 1754 285 1789 a
307 1735 340 1790 cl.
362 1736 483 1790 Omma
504 1735 686 1790 consociatur.
724 1736 867 1802 Praeterea,
890 1735 963 1788 inter
984 1735 1100 1789 Oscines
1121 1736 1286 1805 Laminipln·

107 1825 190 1873 teres:
214 1821 343 1877 Ooror'noe
365 1838 469 1887 omnes,
492 1820 721 1896 Gymnorliuinoe
742 1826 770 1872 et
795 1820 991 1876 Pnradr’seinoe
1013 1820 1161 1889 pleraeque,
1177 1821 1287 1879 On'olim

109 1910 137 1957 et
159 1903 398 1978 Ptilorlynchs'noe
420 1903 555 1973 quaedam,
576 1904 626 1957 vix
649 1911 742 1957 autem
764 1903 864 1973 plures,
887 1919 1007 1972 pennam
1032 1903 1045 1956 1
1071 1903 1186 1974 longam
1201 1904 1295 1957 habent.
