2842 4912
149 342 190 406 88
541 358 620 402 cano
642 359 673 402 11.
706 357 872 402 votucnns.

107 492 311 567 mininimae
337 491 463 565 avium
490 490 657 564 omnium
684 491 942 580 inveniuntur;
971 487 1040 563 alis
1063 483 1288 584 longissimis,
1333 550 1335 569 ,

106 608 266 710 pedibus
304 607 481 704 minimis,
523 619 642 682 rostro
680 607 796 706 longo
835 607 896 682 vel
927 603 1161 704 longissimo,
1192 599 1295 691 tenui,

106 726 258 825 maxilla
295 724 468 799 inferiore
508 725 606 799 inter
644 725 759 799 tomia
792 724 993 824 superiora,
1025 721 1134 795 utin
1161 717 1290 818 vagina,
1333 782 1335 793 .

108 856 266 944 recepta.
321 838 497 917 Rostrum
531 842 679 916 feminae
707 869 819 942 saepe,
846 869 921 915 uon
950 867 1037 914 vero
1064 863 1224 936 semper,
1249 862 1293 908 ro
1333 876 1335 889 ·

108 973 186 1036 stro
209 960 323 1034 maris
342 959 503 1057 longius.
551 958 680 1041 Serus¹
690 971 870 1059 praeterea
887 969 926 1031 et
943 968 1072 1032 aetates
1090 954 1294 1054 plerumque

108 1077 218 1152 valde
259 1076 472 1172 dissimiles,
506 1087 657 1174 propter
683 1086 901 1150 ornamenta
931 1074 1123 1170 cirrosque
1154 1070 1294 1145 marium

93 1195 309 1287 seniorum,
338 1220 358 1267 c
386 1193 524 1292 plumis
552 1192 812 1292 magnitudine
835 1192 1024 1288 lormdque
1044 1189 1211 1285 mutatis,
1229 1213 1295 1286 quae

108 1311 259 1387 feminis
278 1321 316 1384 et
329 1310 543 1413 junioribus
562 1310 707 1385 desunt.
751 1309 872 1383 Radix
886 1307 1026 1407 linguae
1040 1333 1176 1381 osseus
1190 1303 1295 1378 multi·

109 1429 336 1527 articulatus,
365 1426 544 1500 musculis
570 1438 702 1515 tectus,
731 1425 985 1524 longissimus,
1014 1424 1085 1498 sub
1113 1434 1201 1498 cute
1219 1421 1294 1498 occi-

109 1546 198 1648 pitis
225 1544 471 1638 adscendens,
499 1545 667 1618 cranium
694 1554 823 1637 totum,
852 1569 970 1641 usque
998 1543 1038 1616 in
1056 1541 1221 1615 frontem
1236 1567 1294 1615 am-

108 1664 229 1757 biens,
266 1661 333 1736 sed
364 1661 458 1734 liber
492 1672 531 1734 et
561 1661 768 1755 retractilis,
798 1671 838 1733 ut
864 1660 903 1732 in
931 1658 1135 1733 Oscinibus
1163 1656 1295 1730 tubiliu·

110 1780 259 1880 guibus.
315 1778 469 1871 Fauces,
497 1776 603 1850 utin
630 1777 763 1851 avibus
791 1776 989 1876 plerisque,
1016 1775 1254 1874 angustiores
1269 1784 1296 1847 et

111 1897 201 1997 gula
222 1921 353 1996 parum
381 1895 541 1969 dilatata.

196 2014 282 2074 Aves
303 2011 362 2074 hoc
385 2011 453 2074 loco
475 2011 631 2095 expositae,
653 2011 692 2072 ob
708 2011 821 2073 formas
836 2023 1028 2085 memoratae,
1046 2033 1062 2072 a
1079 2008 1295 2094 Cypselinis:

111 2111 357 2188 brevirost-ribus,
390 2110 648 2196 brevihngnibna
676 2110 941 2195 sinpligularibus,
969 2111 1094 2195 longius
1121 2123 1294 2196 separantur,¹

57 2269 61 2277 .
111 2237 184 2277 cum
217 2213 328 2297 quibus
355 2212 409 2274 diu
437 2212 469 2273 in
496 2235 557 2274 una
583 2211 718 2288 cohorte,
747 2235 765 2273 a
792 2211 960 2274 Nirzscrsso
985 2209 1202 2283 illacroclia'res
1224 2210 1291 2279 dicit

110 2314 284 2397 conjunctae
305 2313 441 2375 fuerunt.
486 2311 564 2374 Cum
588 2312 637 2375 his
659 2328 763 2375 tamen
785 2311 916 2374 formam
937 2325 968 2374 et
982 2324 1171 2374 structuram
1188 2311 1293 2382 alarum,

112 2428 274 2477 externam
301 2425 332 2475 et
358 2412 521 2488 internam,
551 2413 680 2473 formam
703 2411 816 2486 caudae,
840 2412 987 2474 sceletum
1010 2410 1115 2473 trunci
1136 2410 1294 2473 firmumet

111 2513 209 2598 plura,
233 2536 300 2596 quac
322 2512 359 2576 ad
383 2524 503 2573 motum
527 2511 691 2595 pertinent,
715 2513 892 2575 communia
914 2510 1083 2593 habent*).

181 2735 229 2779 art.
248 2732 279 2778 52
298 2728 431 2778 Trochilus
450 2757 480 2764 --
499 2730 531 2778 64
550 2730 691 2795 Orchilus).
719 2733 788 2780 Satis
799 2732 881 2793 igitur
893 2732 1002 2779 definita
1013 2735 1053 2778 est
1065 2727 1295 2793 significationum

181 2797 301 2856 nominis,
324 2799 393 2859 quod
414 2812 466 2844 non
488 2796 540 2844 nisi
560 2797 648 2860 inepte
670 2799 704 2846 ad
726 2799 842 2847 aviculas
859 2799 974 2847 maxime
992 2798 1092 2847 alienas
1110 2801 1172 2846 acci
1189 2798 1252 2846 orbis
1265 2795 1295 2843 de

181 2865 322 2925 signandas
340 2864 488 2912 adhibitum
506 2868 553 2912 est.

248 2933 371 2980 Auctorcs
389 2932 506 2993 quaedam
527 2932 724 2990 ante-linneani,
745 2948 764 2979 s.
783 2933 879 2991 Patres,
895 2928 943 2980 has
956 2946 1017 2980 aves
1029 2932 1196 2981 americanas
1207 2927 1296 2980 nomini·

181 2999 230 3045 bus
241 2999 360 3048 barbaris
373 2999 576 3060 appellaverunt,
590 3003 629 3047 ut:
643 3000 794 3057 Tomineo,
806 3000 935 3058 OLUSIUS,
947 3000 1101 3056 cirea1600;
1115 2993 1297 3053 eucinumbt

182 3065 346 3113 MAROGRAV
364 3066 433 3114 circa
452 3067 526 3122 1040;
547 3066 679 3123 Colibri‚
702 3067 745 3114 Du
764 3068 879 3114 Thermi
897 3070 958 3114 ante
979 3067 1053 3124 1666;
1071 3081 1131 3128 quae
1150 3067 1260 3124 nominc,
1273 3061 1299 3110 ab

143 3131 147 3137 ’
181 3130 241 3180 aliis
263 3130 390 3191 adhibita,
408 3131 486 3180 hodie
504 3132 658 3181 tame'n'usu
670 3136 773 3181 carent.
808 3134 869 3192 Alii,
889 3135 943 3182 fere
961 3134 1176 3195 contemporanei
1194 3134 1298 3187 1111111111,

181 3199 288 3248 nomina
305 3201 390 3247 latina
406 3200 570 3258 inuenerunt,
589 3203 628 3247 ut:
648 3201 791 3260 Malliacum,
811 3202 933 3259 Sicanii,
952 3215 991 3250 cm
1011 3201 1074 3250 1707
1094 3201 1319 3267 etenensium

183 3269 257 3325 Ι730;
281 3267 425 3329 Mellisupa,
445 3267 540 3313 KLEIN
559 3282 598 3316 c:a
617 3269 691 3325 1750;
711 3269 852 3331 Polytimus,
871 3269 986 3326 Brownc,
1005 3269 1063 3329 post
1083 3269 1161 3327 1760;
1182 3267 1297 3326 melitum

121 3370 124 3375 .
182 3338 209 3381 ct
230 3335 367 3397 Polytimus,
395 3335 523 3391 Bmssort,
553 3335 624 3382 1760.
660 3335 760 3383 Nomen
781 3350 841 3383 vere
864 3335 995 3383 Trochilus
1012 3337 1120 3382 tantum
1137 3350 1155 3383 a
1173 3329 1296 3385 Barim

126 3433 129 3438 -
182 3406 241 3462 post
259 3402 331 3459 1740,
350 3401 400 3448 hoc
416 3415 493 3449 sensu
511 3401 660 3449 adhibitum
678 3402 788 3450 videtur.
824 3403 985 3450 ALINNAEO
1004 3401 1297 3465 1116.Ν.,111,17,48,1,0

183 3472 286 3531 ceptum
305 3471 352 3516 est.
387 3468 446 3529 Ipse
464 3482 523 3516 vero
541 3469 680 3517 LISNAEUS
697 3469 725 3517 in
744 3470 768 3517 S.
787 3470 819 3517 N.
838 3470 872 3527 ΙΙ,
892 3470 964 3528 1740,
983 3466 1163 3517 idem'avluni
1178 3464 1256 3532 ’[ζε111111
1266 3468 1299 3512 m·

183 3535 254 3584 mine
277 3535 436 3598 Proplodytia
458 3535 624 3596 apellaverat,
647 3536 716 3597 quod
733 3536 811 3584 hodic
829 3536 1048 3598 significationem
1066 3537 1157 3596 aliam,
1176 3537 1241 3586 bene
1255 3544 1297 3592 00ss-

183 3602 274 3661 nitam,
293 3602 417 3650 obtinuit.

136 3684 161 3744 *)
183 3686 231 3733 Hae
249 3687 357 3733 aviculae
375 3685 506 3733 difficilius
519 3701 602 3747 quam
621 3686 679 3734 aliae
697 3687 725 3733 in
743 3700 838 3746 genera
856 3690 881 3733 et
895 3686 1021 3734 sectiones
1032 3685 1146 3746 majores
1158 3687 1298 3735 distribuun-

182 3753 1299 3881 111111111Ξὲ111111110111101111ῗῖ11111111,

183 3889 318 3950 pleraeque,
336 3902 368 3934 ex
385 3887 427 3934 his
444 3888 555 3945 indiciis,
575 3903 670 3946 genera
688 3888 813 3935 distincta
830 3887 921 3934 haberi
940 3891 1052 3949 possent.
1088 3888 1206 3936 chinae
1220 3885 1297 3934 vercel

183 3955 297 4015 juniores
316 3955 439 4015 adspectu
457 3970 548 4015 parum
566 3955 699 4002 differunt.
729 3955 799 4002 Hinc
810 3954 893 4001 nimia
905 3955 1000 4002 divisio
1011 3958 1039 4001 et
1051 3955 1173 4003 confusio
1185 3954 1297 4003 nominum

184 4027 241 4069 orta
263 4026 310 4069 est.
347 4022 388 4082 Sp.
410 4022 464 4068 iere
483 4024 538 4079 300,
557 4022 585 4068 in
604 4023 693 4069 Museo
712 4022 926 4082 Heineano(111,
948 4021 1025 4084 1660)
1043 4027 1212 4081 enumerata,
1229 4021 1254 4068 in
1267 4029 1297 4078 ge·

183 4104 247 4136 nera
271 4090 318 4135 100
341 4088 487 4135 distributae
510 4093 580 4146 sunt;
604 4104 641 4151 sp.
663 4104 722 4136 vero
740 4089 808 4136 circa
826 4090 875 4136 400
893 4089 1011 4150 cognitas
1029 4089 1057 4135 in
1075 4104 1173 4150 genera
1192 4090 1243 4145 123,
1258 4082 1297 4132 alit

183 4157 286 4203 ratione
306 4155 455 4213 distributa,
477 4156 567 4202 divisit
586 4157 687 4204 00011)
706 4155 825 4219 (Introd,
847 4157 918 4214 1861,
938 4155 1007 4220 dvo),
1026 4160 1052 4203 et
1070 4157 1181 4204 nomina
1198 4157 1296 4211 4691111*

183 4223 259 4270 eilica
277 4223 345 4269 inter
362 4223 507 4283 subgencra
527 4225 573 4271 158
592 4224 726 4270 distribuit
746 4224 775 4270 G.
794 4223 822 4269 R.
840 4224 922 4270 GRAY
940 4220 1079 4285 (Handlist
1098 4224 1151 4285 I'p.
1166 4217 1295 4274 121-153).

186 4289 322 4337 Difficilius
340 4303 400 4336 vero
417 4295 642 4350 recognoscuntur,
661 4305 722 4338 nam
741 4291 903 4338 characteres
921 4304 1051 4351 generum.
1065 4294 1096 4337 ut
1108 4291 1247 4338 sectionum
1256 4297 1294 4332 1118·

186 4356 277 4418 jorum,
306 4357 338 4403 ab
361 4356 480 4403 omnibus
502 4357 668 4405 omittuntur.
704 4358 760 4405 Hoc
781 4358 837 4404 loco
855 4358 934 4404 aliam
952 4358 1047 4404 iterum
1066 4355 1254 4406 distributionis
1267 4363 1293 4397 rt·

187 4424 286 4473 tionem
304 4423 478 4484 proponimus.
514 4424 564 4472 Sed
585 4425 774 4472 observandum
798 4428 837 4471 est
859 4424 1021 4472 characteres
1039 4424 1199 4474 divisionum
1216 4421 1292 4470 ulcus

187 4495 292 4540 tautum
320 4505 335 4537 a
361 4490 476 4537 maribus
498 4491 636 4550 desumtcs,
658 4506 711 4540 non
733 4506 833 4552 semper
854 4491 940 4539 valere
957 4496 984 4539 et
1002 4491 1047 4538 vix
1064 4492 1117 4539 nisi
1135 4491 1217 4540 ideam
1233 4485 1292 4548 syrte
